ts,bid1,bid2,bid3,bid4,bid5,bid6,bid7,bid8,bid9,bid10,bid1_qty,bid2_qty,bid3_qty,bid4_qty,bid5_qty,bid6_qty,bid7_qty,bid8_qty,bid9_qty,bid10_qty,ask1,ask2,ask3,ask4,ask5,ask6,ask7,ask8,ask9,ask10,ask1_qty,ask2_qty,ask3_qty,ask4_qty,ask5_qty,ask6_qty,ask7_qty,ask8_qty,ask9_qty,ask10_qty
1761332400021,110619.38,110619.37,110619.31,110618.28,110618.0,110617.9,110616.62,110615.53,110614.96,110613.8,0.43458,0.0004,0.0001,0.00119,0.00014,5e-05,0.00209,0.00016,0.00367,5e-05,110619.39,110619.4,110619.45,110619.47,110619.63,110619.76,110619.86,110620.0,110620.14,110620.26,4.73681,0.05065,0.0503,0.0001,0.00045,0.00039,0.00065,0.11963,0.00039,0.046
1761332400121,110619.38,110619.37,110619.31,110618.28,110618.0,110617.9,110616.62,110615.53,110614.96,110613.81,0.91305,0.00025,0.0001,0.00119,0.00014,5e-05,0.00209,0.00016,0.00367,0.7692,110619.39,110619.4,110619.45,110619.47,110619.63,110619.76,110619.86,110620.0,110620.14,110620.26,3.86775,0.05065,0.0503,0.0001,0.00045,0.00039,0.00065,0.11963,0.00039,0.046
1761332400224,110619.38,110619.37,110619.31,110619.09,110618.36,110618.28,110618.0,110617.9,110616.62,110614.96,0.74493,0.0002,0.0001,0.1809,0.00014,0.00119,0.00014,5e-05,0.00219,0.00372,110619.39,110619.4,110619.45,110619.47,110619.63,110619.76,110619.86,110620.0,110620.14,110620.26,3.81732,0.0506,0.0503,0.0001,0.00045,0.00039,0.00065,0.11963,0.00039,0.046
1761332400321,110619.38,110619.37,110619.31,110619.09,110618.36,110618.28,110618.0,110617.9,110616.62,110614.96,1.21107,0.0001,0.0001,0.1812,0.00014,0.00119,0.00014,5e-05,0.00209,0.00367,110619.39,110619.4,110619.45,110619.47,110619.63,110619.76,110619.86,110620.0,110620.14,110620.26,3.81732,0.0506,0.0503,0.0001,0.00045,0.00039,0.00065,0.11963,0.00039,0.046
1761332400427,110619.38,110619.37,110619.31,110619.1,110619.09,110618.36,110618.28,110618.0,110617.9,110616.62,2.14938,0.00015,0.0001,0.05517,0.1812,0.00014,0.00119,0.00014,5e-05,0.00209,110619.39,110619.4,110619.45,110619.47,110619.63,110619.76,110619.86,110620.0,110620.14,110620.26,2.41347,0.0506,0.0503,0.0001,0.00045,0.00039,0.00065,0.11963,0.00039,0.046
1761332400521,110619.38,110619.31,110619.24,110619.1,110619.09,110618.36,110618.28,110618.0,110617.9,110617.1,3.49678,0.0001,0.04916,0.05547,0.1812,0.00014,0.00109,0.00014,5e-05,0.0025,110619.39,110619.4,110619.45,110619.47,110619.63,110619.76,110619.86,110620.0,110620.14,110620.26,1.76519,0.0507,0.0503,0.0001,0.00045,0.00039,0.00065,0.01963,0.00039,0.0001
1761332400621,110619.38,110619.31,110619.24,110619.11,110619.1,110619.09,110618.36,110618.28,110618.0,110617.9,4.71978,0.0001,0.04946,0.09257,0.0003,0.1811,0.00014,0.00104,0.00014,5e-05,110619.39,110619.4,110619.45,110619.47,110619.63,110619.76,110619.86,110620.0,110620.14,110620.42,0.41267,0.07347,0.0503,0.0001,0.00045,0.00039,0.00065,0.01963,0.00039,0.002
1761332400721,110619.75,110619.67,110619.62,110619.4,110619.39,110619.38,110619.28,110619.24,110619.11,110619.09,6.53478,0.0001,0.09149,3.17693,2.37705,1.99805,5e-05,0.04931,0.0001,0.18095,110619.76,110619.77,110619.86,110620.0,110620.14,110620.42,110620.44,110620.49,110620.78,110621.21,0.00284,0.0009,0.00085,0.01983,0.00049,0.00205,0.00093,0.00099,0.0039,5e-05
1761332400822,110622.47,110622.39,110621.53,110620.0,110619.76,110619.75,110619.62,110619.4,110619.39,110619.38,7.85675,0.0001,0.0025,5e-05,4.32292,1.22048,0.0003,0.0002,1.29121,0.89546,110622.48,110622.49,110622.56,110622.6,110623.43,110623.81,110624.0,110624.54,110624.73,110624.76,0.00954,0.0009,0.0001,5e-05,5e-05,0.00382,0.0016,0.00039,5e-05,5e-05
1761332400921,110626.98,110626.91,110626.01,110625.96,110625.05,110625.01,110625.0,110624.99,110624.93,110624.92,5.64008,0.0001,4.38121,0.0025,0.09129,0.29827,0.45095,0.79524,1.08761,0.49551,110626.99,110627.0,110627.07,110628.0,110628.79,110628.97,110629.05,110629.2,110629.57,110629.95,2.01865,0.00095,0.0001,0.0016,0.00398,0.00038,5e-05,5e-05,0.0001,0.00034
1761332401021,110626.98,110626.91,110626.02,110626.01,110625.96,110625.05,110625.01,110625.0,110624.99,110624.93,6.91746,0.0001,1.89885,0.30057,0.0027,0.09149,0.29842,0.45075,0.79509,1.08766,110626.99,110627.0,110627.07,110628.0,110628.79,110628.97,110629.05,110629.2,110629.95,110630.0,2.02362,0.0011,0.0001,0.0018,0.00408,0.00043,5e-05,5e-05,0.00034,0.00616
1761332401121,110626.98,110626.91,110626.02,110626.01,110625.96,110625.05,110625.01,110625.0,110624.99,110624.93,7.08991,0.0001,0.68121,0.04023,0.0026,0.09144,0.29837,0.1357,0.79509,1.08766,110626.99,110627.0,110627.07,110627.79,110628.0,110628.79,110628.81,110628.97,110629.05,110629.2,2.02372,0.00115,0.0001,0.29826,0.0018,0.00408,0.04924,0.00043,5e-05,5e-05
1761332401221,110626.98,110626.91,110626.02,110626.01,110625.96,110625.05,110625.01,110625.0,110624.99,110624.93,7.51842,0.0001,0.68121,0.04023,0.0026,0.09144,0.0001,0.1357,0.79509,1.08766,110626.99,110627.0,110627.07,110627.79,110628.0,110628.79,110628.81,110628.97,110629.05,110629.2,2.0226,0.0012,0.0001,0.29856,0.0017,0.00403,0.04934,0.00038,5e-05,5e-05
1761332401321,110626.98,110626.91,110626.02,110626.01,110625.96,110625.05,110625.0,110624.99,110624.93,110624.92,7.51771,0.0001,0.68121,0.04023,0.0026,0.09144,0.13575,0.79509,1.08766,0.46826,110626.99,110627.0,110627.07,110627.78,110627.79,110628.0,110628.79,110628.8,110628.81,110628.96,1.84093,0.0012,0.0001,5e-05,0.29856,0.0017,0.00403,5e-05,0.04934,5e-05
1761332401423,110626.98,110626.91,110626.02,110626.01,110625.96,110625.05,110625.0,110624.99,110624.97,110624.93,7.56401,0.0001,0.68121,0.04023,0.0026,0.09144,0.13575,0.79509,0.29827,1.08766,110626.99,110627.0,110627.07,110627.78,110627.79,110628.0,110628.79,110628.8,110628.81,110628.96,1.84088,0.00115,0.0001,5e-05,0.29856,0.0017,0.00403,5e-05,0.04934,5e-05
1761332401521,110626.98,110626.91,110626.02,110626.01,110625.96,110625.05,110625.0,110624.99,110624.97,110624.93,7.56401,0.0001,0.68121,0.04023,0.0026,0.09144,0.13575,0.79509,0.29832,1.08766,110626.99,110627.0,110627.07,110627.78,110627.79,110628.0,110628.79,110628.8,110628.81,110628.96,1.84093,0.0012,0.0001,5e-05,0.29856,0.0017,0.00403,5e-05,0.0001,5e-05
1761332401621,110626.98,110626.91,110626.02,110626.01,110625.96,110625.05,110625.0,110624.99,110624.97,110624.93,7.9257,0.0001,0.68121,0.04023,0.0026,0.09144,0.13575,0.79509,0.29832,1.08766,110626.99,110627.0,110627.07,110627.78,110627.79,110628.0,110628.79,110628.96,110628.97,110629.05,1.84082,0.00115,0.0001,5e-05,0.29856,0.0017,0.00403,5e-05,0.00038,5e-05
1761332401721,110626.98,110626.91,110626.02,110626.01,110625.96,110625.05,110625.0,110624.99,110624.97,110624.93,7.87511,0.04937,0.68121,0.04023,0.0026,0.09144,0.13575,0.79509,0.29832,1.08766,110626.99,110627.0,110627.07,110627.78,110627.79,110628.0,110628.79,110628.96,110628.97,110629.05,1.87093,0.00115,0.0001,5e-05,0.29856,0.0017,0.00403,5e-05,0.00038,5e-05
1761332401821,110626.98,110626.91,110626.02,110626.01,110625.96,110625.05,110625.0,110624.99,110624.97,110624.93,7.87511,0.04962,0.68121,0.04013,0.00255,0.09139,0.1357,0.79509,0.29832,1.08766,110626.99,110627.0,110627.07,110627.78,110627.79,110628.0,110628.79,110628.96,110628.97,110629.05,1.87108,0.00115,0.0001,5e-05,0.29856,0.0017,0.00403,5e-05,0.00038,5e-05
1761332401922,110626.98,110626.91,110626.02,110626.01,110625.96,110625.05,110625.0,110624.99,110624.97,110624.93,7.87511,0.04962,0.68121,0.04013,0.00255,0.09139,0.1357,0.79509,0.29832,1.08766,110626.99,110627.0,110627.07,110627.78,110627.79,110628.0,110628.79,110628.96,110628.97,110629.05,1.87108,0.00115,0.0001,5e-05,0.29856,0.0017,0.00403,5e-05,0.00038,5e-05
1761332402021,110626.98,110626.91,110626.02,110626.01,110625.96,110625.05,110625.0,110624.99,110624.97,110624.93,7.87511,0.04962,0.68121,0.04013,0.00255,0.09139,0.1357,0.79509,0.29832,1.08766,110626.99,110627.0,110627.07,110627.78,110627.79,110628.0,110628.79,110628.96,110628.97,110629.05,1.87108,0.00115,0.0001,5e-05,0.29856,0.0017,0.00403,5e-05,0.00038,5e-05
1761332402121,110626.98,110626.91,110626.02,110626.01,110625.96,110625.05,110625.0,110624.99,110624.97,110624.93,7.87511,0.04962,0.68121,0.04013,0.00255,0.09139,0.1357,0.79509,0.29832,1.08766,110626.99,110627.0,110627.07,110627.78,110627.79,110628.0,110628.79,110628.96,110628.97,110629.05,1.71819,0.00115,0.0001,5e-05,0.29856,0.0017,0.00403,5e-05,0.00038,5e-05
1761332402221,110626.98,110626.91,110626.02,110626.01,110625.96,110625.05,110625.0,110624.99,110624.97,110624.93,7.87511,0.04962,0.68121,0.04013,0.00255,0.09139,0.1357,0.79509,0.29832,1.08766,110626.99,110627.0,110627.07,110627.78,110627.79,110628.0,110628.79,110628.96,110628.97,110629.05,1.71819,0.00115,0.0001,5e-05,0.29856,0.0017,0.00403,5e-05,0.00038,5e-05
1761332402321,110626.98,110626.91,110626.02,110626.01,110625.96,110625.05,110625.0,110624.99,110624.97,110624.93,7.87511,0.04962,0.68121,0.04013,0.00255,0.09139,0.1357,0.79509,0.29832,1.08766,110626.99,110627.0,110627.07,110627.78,110627.79,110628.0,110628.79,110628.96,110628.97,110629.05,1.71819,0.00115,0.0001,5e-05,0.29856,0.0017,0.00403,5e-05,0.00038,5e-05
1761332402421,110626.98,110626.91,110626.02,110626.01,110625.96,110625.05,110625.0,110624.99,110624.97,110624.93,7.87511,0.04962,0.68121,0.04013,0.00255,0.09139,0.1357,0.79509,0.29832,1.08766,110626.99,110627.0,110627.07,110627.78,110627.79,110628.0,110628.79,110628.96,110628.97,110629.05,1.85659,0.00115,0.0001,5e-05,0.29856,0.0017,0.00403,5e-05,0.00038,5e-05
1761332402521,110626.98,110626.91,110626.02,110626.01,110625.96,110625.05,110625.0,110624.99,110624.97,110624.93,7.87511,0.04962,0.68121,0.04013,0.00255,0.09139,0.1357,0.79509,0.29832,1.08766,110626.99,110627.0,110627.07,110627.78,110627.79,110628.0,110628.79,110628.96,110628.97,110629.05,0.96676,0.00115,0.0001,5e-05,0.0003,0.0017,0.00403,5e-05,0.00038,5e-05
1761332402621,110626.98,110626.91,110626.02,110626.01,110625.96,110625.05,110625.0,110624.99,110624.97,110624.93,7.87511,0.04962,0.68121,0.04013,0.00255,0.09139,0.1357,0.79509,0.29832,1.08766,110626.99,110627.0,110627.07,110627.79,110628.0,110628.79,110628.96,110628.97,110629.05,110629.2,0.96686,0.0009,0.0001,0.0002,0.0017,0.00403,5e-05,0.00038,5e-05,5e-05
1761332402721,110626.98,110626.91,110626.02,110626.01,110625.96,110625.05,110625.0,110624.99,110624.97,110624.93,7.87332,0.04967,0.68121,0.04013,0.00255,0.09139,0.1357,0.79509,0.29832,1.08766,110626.99,110627.0,110627.07,110628.0,110628.79,110628.96,110628.97,110629.05,110629.2,110629.95,0.96636,0.0009,0.0001,0.0018,0.00408,5e-05,0.00043,5e-05,5e-05,0.00034
1761332402821,110626.98,110626.91,110626.02,110626.01,110625.96,110625.05,110625.0,110624.99,110624.97,110624.93,7.87332,0.04967,0.68121,0.04013,0.00255,0.09139,0.1357,0.79509,0.29832,1.08766,110626.99,110627.0,110627.07,110628.0,110628.79,110628.96,110628.97,110629.05,110629.2,110629.95,0.96633,0.00095,0.0001,0.0018,0.00408,5e-05,0.00043,5e-05,5e-05,0.00034
1761332402921,110626.98,110626.91,110626.02,110626.01,110625.96,110625.05,110625.0,110624.99,110624.97,110624.93,7.10412,0.04967,0.68121,0.04013,0.00255,0.09139,0.1357,0.79509,0.29832,1.08766,110626.99,110627.0,110627.07,110628.0,110628.79,110628.96,110628.97,110629.05,110629.2,110629.95,0.96633,0.00095,0.0001,0.0018,0.00408,5e-05,0.00043,5e-05,5e-05,0.00034
1761332403021,110626.98,110626.91,110626.02,110626.01,110625.96,110625.05,110625.0,110624.99,110624.97,110624.93,7.10412,0.04967,0.68121,0.04013,0.00255,0.09139,0.1357,0.79509,0.29832,1.08766,110626.99,110627.0,110627.07,110627.41,110628.0,110628.79,110628.96,110628.97,110629.05,110629.2,0.96628,0.0009,0.0001,0.02836,0.0018,0.00408,5e-05,0.00043,5e-05,5e-05
1761332403121,110626.98,110626.91,110626.02,110626.01,110625.96,110625.05,110625.0,110624.99,110624.97,110624.93,7.9266,0.04967,0.68121,0.04013,0.00255,0.09139,0.1357,0.79509,0.29832,1.08766,110626.99,110627.0,110627.07,110627.4,110627.41,110628.0,110628.79,110628.96,110628.97,110629.05,1.10477,0.00095,0.0001,5e-05,0.02861,0.0017,0.00403,5e-05,0.00038,5e-05
1761332403221,110626.98,110626.92,110626.91,110626.03,110626.02,110626.01,110625.96,110625.06,110625.05,110625.01,7.9266,5e-05,0.04967,5e-05,0.68126,0.04013,0.00255,5e-05,0.09139,5e-05,110626.99,110627.0,110627.07,110627.4,110627.41,110628.0,110628.03,110628.79,110628.96,110628.97,1.10342,0.00095,0.0001,5e-05,0.02861,0.0017,0.29826,0.00403,5e-05,0.00038
1761332403321,110626.98,110626.92,110626.91,110626.57,110626.03,110626.02,110626.01,110625.96,110625.06,110625.05,7.87367,5e-05,0.0004,0.04987,5e-05,0.68126,0.04013,0.00255,5e-05,0.09139,110626.99,110627.0,110627.07,110627.4,110627.41,110628.0,110628.02,110628.03,110628.79,110628.96,1.10342,0.0009,0.0001,5e-05,0.02866,0.0017,5e-05,0.29836,0.00398,5e-05
1761332403421,110626.98,110626.91,110626.58,110626.57,110626.03,110626.02,110626.01,110625.96,110625.06,110625.05,7.87362,0.0003,5e-05,0.05012,5e-05,0.68116,0.04008,0.0025,5e-05,0.09139,110626.99,110627.0,110627.07,110627.4,110627.41,110628.0,110628.02,110628.03,110628.79,110628.96,1.1047,0.0009,0.0001,5e-05,0.02866,0.0017,5e-05,0.29841,0.00398,5e-05
1761332403521,110626.98,110626.91,110626.58,110626.57,110626.03,110626.02,110626.01,110625.96,110625.06,110625.05,7.87357,0.0003,5e-05,0.05012,5e-05,0.68116,0.04008,0.0025,5e-05,0.09139,110626.99,110627.0,110627.07,110627.4,110627.41,110628.0,110628.02,110628.03,110628.79,110628.96,1.1047,0.0009,0.0001,5e-05,0.02866,0.0017,5e-05,0.29841,0.00398,5e-05
1761332403621,110626.98,110626.91,110626.58,110626.57,110626.03,110626.02,110626.01,110625.96,110625.06,110625.05,7.87337,0.0003,5e-05,0.05017,5e-05,0.68116,0.04008,0.0025,5e-05,0.09139,110626.99,110627.0,110627.07,110627.4,110627.41,110627.83,110628.0,110628.02,110628.03,110628.79,1.10445,0.0009,0.0001,5e-05,0.02866,0.04891,0.0017,5e-05,0.29841,0.00398
1761332403721,110626.98,110626.91,110626.58,110626.57,110626.03,110626.02,110626.01,110625.96,110625.06,110625.05,7.87337,0.0003,5e-05,0.05017,5e-05,0.68116,0.04008,0.0025,5e-05,0.09139,110626.99,110627.0,110627.07,110627.4,110627.41,110627.82,110627.83,110628.0,110628.02,110628.03,1.1045,0.00095,0.0001,5e-05,0.02866,5e-05,0.04911,0.00165,5e-05,0.29836
1761332403821,110626.98,110626.91,110626.58,110626.57,110626.03,110626.02,110626.01,110625.96,110625.06,110625.05,7.87337,0.0003,5e-05,0.05017,5e-05,0.68116,0.04008,0.0025,5e-05,0.09139,110626.99,110627.0,110627.07,110627.4,110627.41,110627.82,110627.83,110628.0,110628.02,110628.03,1.10456,0.00095,0.0001,5e-05,0.02866,5e-05,0.04911,0.00165,5e-05,0.29836
1761332403921,110626.98,110626.91,110626.58,110626.57,110626.03,110626.02,110626.01,110625.96,110625.06,110625.05,7.87337,0.0003,5e-05,0.05017,5e-05,0.68116,0.04008,0.0025,5e-05,0.09139,110626.99,110627.0,110627.07,110627.4,110627.41,110627.82,110627.83,110628.0,110628.02,110628.03,1.10456,0.00095,0.0001,5e-05,0.02866,5e-05,0.04911,0.00165,5e-05,0.29836
1761332404021,110626.98,110626.91,110626.58,110626.57,110626.03,110626.02,110626.01,110625.96,110625.06,110625.05,7.87337,0.0003,5e-05,0.05017,5e-05,0.68116,0.04008,0.0025,5e-05,0.09139,110626.99,110627.0,110627.07,110627.4,110627.41,110627.82,110627.83,110628.0,110628.02,110628.03,1.10446,0.00095,0.0001,5e-05,0.02866,5e-05,0.04911,0.00165,5e-05,0.29836
1761332404121,110626.98,110626.91,110626.58,110626.57,110626.03,110626.02,110626.01,110625.96,110625.06,110625.05,7.87337,0.0003,5e-05,0.05017,5e-05,0.68116,0.04008,0.0025,5e-05,0.09139,110626.99,110627.0,110627.07,110627.4,110627.41,110627.82,110627.83,110628.0,110628.02,110628.03,1.10437,0.00095,0.0001,5e-05,0.02866,5e-05,0.04911,0.00165,5e-05,0.29836
1761332404221,110626.98,110626.91,110626.58,110626.57,110626.03,110626.02,110626.01,110625.96,110625.06,110625.05,7.87337,0.0003,5e-05,0.05017,5e-05,0.68116,0.04008,0.0025,5e-05,0.09139,110626.99,110627.0,110627.07,110627.4,110627.41,110627.82,110627.83,110628.0,110628.02,110628.03,1.10437,0.00095,0.0001,5e-05,0.02866,5e-05,0.04911,0.00165,5e-05,0.29836
1761332404321,110626.98,110626.91,110626.58,110626.57,110626.03,110626.02,110626.01,110625.96,110625.06,110625.05,7.87337,0.0003,5e-05,0.05017,5e-05,0.68116,0.04008,0.0025,5e-05,0.09139,110626.99,110627.0,110627.07,110627.4,110627.41,110627.82,110627.83,110628.0,110628.02,110628.03,1.10437,0.00095,0.0001,5e-05,0.02866,5e-05,0.04911,0.00165,5e-05,0.29836
1761332404422,110626.98,110626.91,110626.58,110626.57,110626.03,110626.02,110626.01,110625.96,110625.06,110625.05,7.87337,0.0003,5e-05,0.05017,5e-05,0.68116,0.04008,0.0025,5e-05,0.09139,110626.99,110627.0,110627.07,110627.4,110627.41,110627.82,110627.83,110628.0,110628.02,110628.03,1.10437,0.00095,0.0001,5e-05,0.02866,5e-05,0.04911,0.00165,5e-05,0.29836
1761332404521,110626.98,110626.91,110626.58,110626.57,110626.03,110626.02,110626.01,110625.96,110625.06,110625.05,7.87337,0.0003,5e-05,0.05017,5e-05,0.68116,0.04008,0.0025,5e-05,0.09139,110626.99,110627.0,110627.07,110627.4,110627.41,110627.82,110627.83,110628.0,110628.02,110628.03,1.10437,0.00095,0.0001,5e-05,0.02866,5e-05,0.0002,0.00165,5e-05,0.29836
1761332404623,110626.98,110626.91,110626.58,110626.57,110626.03,110626.02,110626.01,110625.96,110625.06,110625.05,7.87337,0.0003,5e-05,0.05017,5e-05,0.68116,0.04008,0.0025,5e-05,0.09139,110626.99,110627.0,110627.07,110627.4,110627.41,110628.0,110628.02,110628.03,110628.79,110628.96,1.10442,0.00095,0.0001,5e-05,0.02866,0.0017,5e-05,0.29841,0.00398,5e-05
1761332404721,110626.98,110626.91,110626.58,110626.57,110626.03,110626.02,110626.01,110625.96,110625.06,110625.05,7.87337,0.0003,5e-05,0.05017,5e-05,0.68116,0.04008,0.0025,5e-05,0.09139,110626.99,110627.0,110627.07,110627.4,110627.41,110628.0,110628.02,110628.03,110628.79,110628.96,1.10442,0.00095,0.0001,5e-05,0.02866,0.0017,5e-05,0.29841,0.00398,5e-05
1761332404821,110626.98,110626.91,110626.58,110626.57,110626.03,110626.02,110626.01,110625.96,110625.06,110625.05,7.10387,0.0003,5e-05,0.05017,5e-05,0.68116,0.04008,0.0025,5e-05,0.09139,110626.99,110627.0,110627.07,110627.4,110627.41,110628.0,110628.02,110628.03,110628.79,110628.96,1.10442,0.00095,0.0001,5e-05,0.02866,0.0017,5e-05,0.29841,0.00398,5e-05
1761332404921,110626.98,110626.91,110626.58,110626.57,110626.03,110626.02,110626.01,110625.96,110625.06,110625.05,7.10387,0.0003,5e-05,0.05017,5e-05,0.68116,0.04008,0.0025,5e-05,0.09139,110626.99,110627.0,110627.07,110627.4,110627.41,110628.0,110628.02,110628.03,110628.79,110628.96,1.10442,0.00095,0.0001,5e-05,0.02866,0.0017,5e-05,0.29841,0.00398,5e-05
1761332405021,110626.98,110626.91,110626.58,110626.57,110626.03,110626.02,110626.01,110625.96,110625.06,110625.05,7.10387,0.0003,5e-05,0.05017,5e-05,0.68116,0.04008,0.0025,5e-05,0.09139,110626.99,110627.0,110627.07,110627.4,110627.41,110628.0,110628.02,110628.03,110628.79,110628.96,1.10442,0.00095,0.0001,5e-05,0.02866,0.0017,5e-05,0.29841,0.00398,5e-05
1761332405121,110626.98,110626.91,110626.58,110626.57,110626.03,110626.02,110626.01,110625.96,110625.06,110625.05,7.87337,0.0003,5e-05,0.05017,5e-05,0.68116,0.04008,0.0025,5e-05,0.09139,110626.99,110627.0,110627.07,110627.4,110627.41,110628.0,110628.02,110628.03,110628.79,110628.96,1.10267,0.00095,0.0001,5e-05,0.02866,0.0017,5e-05,0.29841,0.00398,5e-05
1761332405222,110626.98,110626.91,110626.58,110626.57,110626.03,110626.02,110626.01,110625.96,110625.06,110625.05,7.87337,0.0003,5e-05,0.05017,5e-05,0.68116,0.04008,0.0025,5e-05,0.09139,110626.99,110627.0,110627.07,110627.4,110627.41,110628.0,110628.02,110628.03,110628.79,110628.96,1.10267,0.00095,0.0001,5e-05,0.02866,0.0017,5e-05,0.29841,0.00398,5e-05
1761332405321,110626.98,110626.91,110626.58,110626.57,110626.03,110626.02,110626.01,110625.96,110625.06,110625.05,7.87337,0.0003,5e-05,0.05017,5e-05,0.68116,0.04008,0.0025,5e-05,0.09139,110626.99,110627.0,110627.07,110627.4,110627.41,110628.0,110628.02,110628.03,110628.79,110628.96,1.08074,0.00095,0.0001,5e-05,0.02866,0.0017,5e-05,0.29841,0.00398,5e-05
1761332405425,110626.98,110626.91,110626.58,110626.57,110626.03,110626.02,110626.01,110625.96,110625.06,110625.05,6.97265,0.0003,5e-05,0.0003,5e-05,0.68116,0.00015,0.0025,5e-05,0.0001,110626.99,110627.0,110627.07,110627.4,110627.41,110628.0,110628.02,110628.03,110628.79,110628.96,2.02379,0.00105,0.0001,5e-05,0.02866,0.0017,0.11022,0.29841,0.00398,5e-05
1761332405521,110626.98,110626.91,110626.57,110626.03,110626.02,110625.96,110625.01,110625.0,110624.99,110624.93,4.72287,0.0003,0.0002,5e-05,0.0002,0.00255,5e-05,0.39198,5e-05,5e-05,110626.99,110627.0,110627.07,110627.4,110627.41,110628.0,110628.01,110628.02,110628.03,110628.79,2.31051,0.0011,0.0001,5e-05,0.02866,0.0017,5e-05,0.11037,0.29836,0.00398
1761332405621,110626.98,110626.97,110626.91,110625.96,110625.01,110625.0,110624.93,110624.92,110624.76,110622.86,0.6413,0.0009,0.0003,0.0002,5e-05,0.00015,5e-05,0.00024,5e-05,0.04875,110626.99,110627.0,110627.07,110627.4,110627.41,110628.0,110628.01,110628.02,110628.03,110628.79,3.50424,0.00045,0.0001,5e-05,0.02866,0.0017,5e-05,0.11037,0.29836,0.00398
1761332405721,110626.98,110626.97,110626.91,110624.92,110624.76,110624.54,110622.87,110622.86,110622.47,110621.5,0.63988,0.0011,0.0003,0.00014,5e-05,5e-05,5e-05,0.00015,0.00016,5e-05,110626.99,110627.0,110627.07,110627.4,110627.41,110628.0,110628.01,110628.02,110628.03,110628.79,3.91847,0.00045,0.0001,5e-05,0.02866,0.0017,5e-05,0.11037,0.29836,0.00398
1761332405821,110626.98,110626.97,110626.91,110624.92,110624.76,110624.54,110622.47,110621.5,110621.32,110620.0,0.5367,0.00105,0.0003,0.00014,5e-05,5e-05,0.00016,5e-05,5e-05,5e-05,110626.99,110627.0,110627.07,110627.4,110627.41,110628.0,110628.01,110628.02,110628.03,110628.79,3.92461,0.00045,0.0001,5e-05,0.02866,0.0017,5e-05,0.11037,0.29836,0.00398
1761332405921,110626.98,110626.97,110626.91,110624.92,110624.76,110624.54,110622.47,110621.5,110621.32,110620.0,0.53665,0.001,0.0003,0.00014,5e-05,5e-05,0.00016,5e-05,5e-05,5e-05,110626.99,110627.0,110627.07,110627.4,110627.41,110628.0,110628.01,110628.02,110628.03,110628.79,3.92484,0.00045,0.0001,5e-05,0.02866,0.0017,5e-05,0.11037,0.29836,0.00398
1761332406021,110626.98,110626.97,110626.91,110624.92,110624.76,110624.54,110622.47,110621.5,110621.32,110620.0,0.5363,0.00065,0.0003,0.00014,5e-05,5e-05,0.00016,5e-05,5e-05,5e-05,110626.99,110627.0,110627.07,110627.4,110627.41,110628.0,110628.01,110628.02,110628.03,110628.79,3.7831,0.00045,0.0001,5e-05,0.02866,0.0017,5e-05,0.11037,0.29836,0.00398
1761332406121,110626.98,110626.97,110626.91,110624.92,110624.76,110624.54,110622.47,110621.5,110621.32,110620.0,0.5364,0.0007,0.0003,0.00014,5e-05,5e-05,0.00016,5e-05,5e-05,5e-05,110626.99,110627.0,110627.07,110627.4,110627.41,110628.0,110628.01,110628.02,110628.03,110628.79,3.33089,0.00045,0.0001,5e-05,0.02866,0.0017,5e-05,0.11037,0.29836,0.00398
1761332406221,110626.98,110626.97,110626.91,110624.92,110624.76,110622.47,110621.5,110621.32,110620.12,110620.0,0.5364,0.0007,0.0003,0.00014,5e-05,0.00016,5e-05,5e-05,0.11806,5e-05,110626.99,110627.0,110627.07,110627.4,110627.41,110628.0,110628.01,110628.02,110628.03,110628.48,3.33089,0.00045,0.0001,5e-05,0.02866,0.0017,5e-05,0.11037,0.29836,0.08488
1761332406321,110626.98,110626.97,110626.91,110624.92,110624.76,110622.47,110621.5,110621.32,110620.13,110620.12,0.5364,0.0007,0.0003,0.00014,5e-05,0.00016,5e-05,5e-05,5e-05,0.11821,110626.99,110627.0,110627.07,110627.4,110627.41,110628.0,110628.01,110628.02,110628.03,110628.48,3.33708,0.00045,0.0001,5e-05,0.02866,0.0017,5e-05,0.11037,0.29831,0.08493
1761332406422,110626.98,110626.97,110626.91,110624.92,110624.76,110622.47,110621.5,110621.32,110620.13,110620.12,0.5364,0.0007,0.0003,0.00014,5e-05,0.00016,5e-05,5e-05,0.76955,0.11821,110626.99,110627.0,110627.07,110627.4,110627.41,110628.0,110628.01,110628.02,110628.03,110628.48,3.33699,0.00045,0.0001,5e-05,0.02866,0.0017,5e-05,0.11037,0.29831,0.08493
1761332406521,110626.98,110626.97,110626.91,110624.92,110624.76,110622.47,110621.5,110621.32,110620.14,110620.13,0.5364,0.0007,0.0003,0.00014,5e-05,0.00016,5e-05,5e-05,0.44233,0.0002,110626.99,110627.0,110627.07,110627.4,110627.41,110628.0,110628.01,110628.02,110628.03,110628.48,3.33699,0.00045,0.0001,5e-05,0.02866,0.0017,5e-05,0.11037,0.29831,0.08493
1761332406621,110626.98,110626.97,110626.91,110624.92,110624.76,110622.47,110621.5,110621.32,110620.15,110620.14,0.5363,0.00065,0.0003,0.00014,5e-05,0.00016,5e-05,5e-05,0.34466,0.00015,110626.99,110627.0,110627.07,110627.4,110627.41,110628.0,110628.01,110628.02,110628.03,110628.48,3.33067,0.00045,0.0001,5e-05,0.02866,0.0017,5e-05,0.11037,0.29836,0.08493
1761332406721,110626.98,110626.97,110626.91,110624.92,110624.76,110622.47,110621.5,110621.32,110620.16,110620.15,0.5363,0.00065,0.0003,0.00014,5e-05,0.00016,5e-05,5e-05,5e-05,0.21157,110626.99,110627.0,110627.07,110627.4,110627.41,110628.0,110628.01,110628.02,110628.03,110628.48,3.33086,0.00045,0.0001,5e-05,0.02866,0.0017,5e-05,0.11037,0.29836,0.08493
1761332406821,110626.98,110626.97,110626.91,110626.76,110625.5,110624.76,110623.98,110622.47,110621.5,110621.32,0.03425,0.0011,0.0002,5e-05,0.0001,5e-05,0.0001,0.00016,5e-05,5e-05,110626.99,110627.0,110627.07,110627.41,110628.0,110628.02,110628.03,110628.47,110628.48,110628.79,4.08778,0.0002,0.0001,0.02866,0.0017,0.11032,0.29836,0.00451,5e-05,0.00398
1761332406921,110620.12,110620.11,110620.04,110620.0,110619.39,110619.38,110619.28,110618.28,110618.0,110617.81,0.77138,0.00085,0.0001,5e-05,0.00085,0.54392,5e-05,0.00099,0.00014,5e-05,110620.13,110620.21,110620.55,110623.88,110624.76,110625.96,110626.98,110626.99,110627.41,110628.0,6.97633,0.0001,0.02911,0.04606,5e-05,0.0025,1.39714,1.68593,0.0003,0.0017
1761332407021,110620.12,110620.11,110620.04,110620.0,110619.39,110619.38,110619.28,110618.28,110618.0,110617.81,0.77148,0.0011,0.0001,5e-05,0.00085,0.54402,5e-05,0.00104,0.00014,5e-05,110620.13,110620.21,110620.55,110623.88,110624.76,110625.96,110626.97,110626.98,110626.99,110628.0,6.97668,0.0001,0.02941,0.04636,5e-05,0.0026,0.92205,0.09144,1.67554,0.0016
1761332407120,110620.12,110620.11,110620.04,110620.0,110619.39,110619.38,110619.28,110618.28,110618.0,110617.81,0.77153,0.00115,0.0001,5e-05,0.00085,0.54402,5e-05,0.00104,0.00014,5e-05,110620.13,110620.21,110620.55,110621.53,110623.88,110624.76,110625.96,110626.96,110626.97,110626.98,7.05787,0.0001,0.02941,0.0025,0.04631,5e-05,0.0026,0.80268,0.00171,0.09139
1761332407221,110620.12,110620.11,110620.04,110620.0,110619.39,110619.38,110619.28,110618.28,110618.0,110617.81,0.77143,0.0011,0.0001,5e-05,0.00085,0.54402,5e-05,0.00104,0.00014,5e-05,110620.13,110620.21,110620.55,110621.53,110623.88,110624.73,110624.76,110625.96,110626.96,110626.97,7.05786,0.0001,0.02941,0.0027,0.04626,5e-05,5e-05,0.00255,0.52799,0.00166
1761332407321,110620.12,110620.11,110620.04,110620.0,110619.39,110619.38,110619.28,110618.28,110618.0,110617.81,1.12565,0.0011,0.0001,5e-05,0.00085,0.54402,5e-05,0.00104,0.00014,5e-05,110620.13,110620.21,110620.55,110621.53,110623.88,110624.02,110624.73,110624.76,110625.67,110625.96,6.6873,0.0001,0.02941,0.0027,0.04626,0.08488,5e-05,5e-05,0.04521,0.00255
1761332407421,110620.12,110620.11,110620.04,110620.0,110619.39,110619.38,110619.28,110619.01,110618.28,110618.0,1.12565,0.0011,0.0001,5e-05,0.00085,0.54402,5e-05,5e-05,0.00104,0.00014,110620.13,110620.21,110620.55,110621.53,110623.88,110624.02,110624.73,110624.76,110625.66,110625.67,6.61659,0.0001,0.02941,0.0027,0.04621,0.08498,5e-05,5e-05,0.00451,0.04526
1761332407520,110620.12,110620.11,110620.04,110620.0,110619.39,110619.38,110619.28,110619.01,110618.28,110618.0,1.1627,0.0009,0.0001,5e-05,0.00085,0.54402,5e-05,5e-05,0.00104,0.00014,110620.13,110620.21,110620.55,110621.53,110623.88,110624.02,110624.73,110624.76,110625.67,110625.95,6.60091,0.0001,0.02941,0.0027,0.0002,0.08503,5e-05,5e-05,0.04531,0.00166
1761332407621,110620.12,110620.11,110620.04,110620.0,110619.58,110619.39,110619.38,110619.28,110619.01,110618.28,1.16305,0.00085,0.0001,5e-05,9e-05,0.00085,0.54402,5e-05,5e-05,0.00104,110620.13,110620.21,110620.55,110621.53,110624.02,110624.73,110624.76,110625.67,110625.95,110625.96,6.60045,0.0001,0.02941,0.0027,0.08508,5e-05,5e-05,0.04536,0.00166,0.0025
1761332407721,110620.12,110620.11,110620.04,110620.0,110619.58,110619.39,110619.38,110619.28,110619.01,110618.28,1.16402,0.00085,0.0001,5e-05,9e-05,0.16422,0.54402,5e-05,5e-05,0.00104,110620.13,110620.21,110620.55,110621.53,110624.02,110624.73,110624.76,110625.67,110625.95,110625.96,6.60032,0.0001,0.02941,0.0002,0.08508,5e-05,5e-05,0.04536,0.00166,0.0025
1761332407821,110620.12,110620.11,110620.04,110620.0,110619.58,110619.4,110619.39,110619.38,110619.28,110619.01,2.56199,0.0005,0.0001,5e-05,9e-05,5e-05,0.16432,0.54402,5e-05,5e-05,110620.13,110620.21,110620.55,110624.02,110624.73,110624.76,110625.67,110625.95,110625.96,110626.22,6.56062,0.0001,0.02941,0.08518,5e-05,5e-05,0.04541,0.00171,0.0025,0.0001
1761332407921,110620.12,110620.11,110620.04,110620.0,110619.58,110619.4,110619.39,110619.38,110619.28,110619.01,3.44068,0.00045,0.0001,5e-05,9e-05,5e-05,0.16432,0.54402,5e-05,5e-05,110620.13,110620.21,110620.54,110620.55,110624.01,110624.02,110624.57,110624.73,110624.76,110625.66,3.89588,0.0001,5e-05,0.02941,5e-05,0.08518,0.04,5e-05,5e-05,0.00171
1761332408021,110620.12,110620.11,110620.04,110620.0,110619.58,110619.4,110619.39,110619.38,110619.28,110619.01,3.44063,0.0004,0.0001,5e-05,9e-05,5e-05,0.16432,0.54402,5e-05,5e-05,110620.13,110620.21,110620.54,110620.55,110624.01,110624.02,110624.56,110624.57,110624.73,110624.76,3.93948,0.0001,5e-05,0.02941,5e-05,0.08518,5e-05,0.0402,5e-05,5e-05
1761332408121,110620.12,110620.11,110620.04,110620.0,110619.58,110619.4,110619.39,110619.38,110619.28,110619.01,3.44063,0.0004,0.0001,5e-05,9e-05,5e-05,0.16432,0.54402,5e-05,5e-05,110620.13,110620.21,110620.54,110620.55,110624.01,110624.02,110624.56,110624.57,110624.73,110624.76,3.93948,0.0001,5e-05,0.02941,5e-05,0.08518,5e-05,0.0402,5e-05,5e-05
1761332408222,110620.12,110620.11,110620.04,110620.0,110619.58,110619.4,110619.39,110619.38,110619.28,110619.01,4.21043,0.0004,0.0001,5e-05,9e-05,5e-05,0.16432,0.54402,5e-05,5e-05,110620.13,110620.21,110620.54,110620.55,110624.01,110624.02,110624.56,110624.57,110624.73,110624.76,3.9391,0.0001,5e-05,0.02941,5e-05,0.08518,5e-05,0.0402,5e-05,5e-05
1761332408320,110620.12,110620.11,110620.04,110620.0,110619.58,110619.4,110619.39,110619.38,110619.28,110619.01,4.21043,0.0004,0.0001,5e-05,9e-05,5e-05,0.16432,0.54402,5e-05,5e-05,110620.13,110620.21,110620.54,110620.55,110624.01,110624.02,110624.56,110624.57,110624.73,110624.76,3.9391,0.0001,5e-05,0.02941,5e-05,0.08518,5e-05,0.0402,5e-05,5e-05
1761332408421,110620.12,110620.11,110620.04,110620.0,110619.58,110619.4,110619.39,110619.38,110619.28,110619.01,4.21043,0.0004,0.0001,5e-05,9e-05,5e-05,0.16432,0.54402,5e-05,5e-05,110620.13,110620.21,110620.54,110620.55,110624.01,110624.02,110624.56,110624.57,110624.73,110624.76,3.93894,0.0001,5e-05,0.02941,5e-05,0.08518,5e-05,0.0402,5e-05,5e-05
1761332408521,110620.12,110620.11,110620.04,110620.0,110619.58,110619.4,110619.39,110619.38,110619.28,110619.01,3.07393,0.0005,0.0001,5e-05,9e-05,5e-05,0.16432,0.54402,5e-05,5e-05,110620.13,110620.21,110620.54,110620.55,110624.01,110624.02,110624.56,110624.57,110624.73,110624.76,3.94028,0.0001,5e-05,0.02941,5e-05,0.08518,5e-05,0.0402,5e-05,5e-05
1761332408621,110620.12,110620.11,110620.04,110620.0,110619.58,110619.4,110619.39,110619.38,110619.28,110619.01,1.75839,0.0005,0.0001,5e-05,9e-05,5e-05,0.16432,0.54402,5e-05,5e-05,110620.13,110620.14,110620.21,110620.54,110620.55,110624.01,110624.02,110624.56,110624.57,110624.73,3.98033,5e-05,0.0001,5e-05,0.02941,5e-05,0.08518,5e-05,0.0002,5e-05
1761332408721,110619.38,110619.37,110619.31,110619.01,110618.28,110618.0,110617.9,110616.62,110615.93,110615.92,0.57007,0.0009,0.0001,5e-05,0.00119,0.00014,5e-05,0.00219,5e-05,0.0002,110619.39,110619.4,110619.47,110620.0,110620.12,110620.13,110620.55,110621.53,110621.77,110623.24,5.87434,1.41281,0.0001,5e-05,0.0002,0.4002,0.02926,0.0025,0.08489,0.06748
1761332408821,110619.38,110619.37,110619.31,110619.01,110618.28,110618.0,110617.9,110616.62,110614.96,110614.1,0.56908,0.0011,0.0001,5e-05,0.00119,0.00014,5e-05,0.00209,0.00367,0.00013,110619.39,110619.4,110619.47,110620.0,110620.13,110620.54,110620.55,110621.53,110621.77,110623.24,6.34438,0.40232,0.0001,5e-05,0.39016,0.30507,0.02926,0.00255,0.08494,0.06753
1761332408921,110619.38,110619.37,110619.31,110619.01,110618.28,110618.0,110617.9,110616.62,110614.96,110614.1,0.54647,0.0011,0.0001,5e-05,0.00119,0.00014,5e-05,0.00209,0.00367,0.00013,110619.39,110619.4,110619.47,110620.0,110620.13,110620.54,110620.55,110621.53,110621.77,110623.24,6.92076,0.51538,0.0001,5e-05,0.39011,0.0001,0.02921,0.0025,5e-05,0.06753
1761332409021,110619.38,110619.37,110619.31,110619.01,110618.28,110618.0,110617.9,110616.62,110614.96,110614.1,0.68567,0.0011,0.0001,5e-05,0.00119,0.00014,5e-05,0.00209,0.00367,0.00013,110619.39,110619.4,110619.47,110620.0,110620.13,110620.55,110621.52,110621.53,110623.24,110624.73,6.78063,0.51538,0.0001,5e-05,0.39016,0.02931,0.00451,0.00255,0.06753,5e-05
1761332409136,110619.38,110619.37,110619.31,110618.28,110618.0,110617.9,110616.62,110614.96,110614.1,110613.86,0.54722,0.00105,0.0001,0.00119,0.00014,5e-05,0.00209,0.00367,0.00013,0.00038,110619.39,110619.4,110619.47,110620.0,110620.13,110620.55,110621.21,110621.52,110621.53,110623.24,6.83154,0.51538,0.0001,5e-05,0.38997,0.02931,5e-05,0.00456,0.0025,0.06758
1761332409220,110619.38,110619.37,110619.31,110618.28,110618.0,110617.9,110616.62,110614.96,110613.86,110613.8,0.53808,0.00105,0.0001,0.00119,0.00014,5e-05,0.00209,0.00367,0.00038,5e-05,110619.39,110619.4,110619.47,110620.0,110620.13,110620.55,110621.21,110621.52,110621.53,110623.24,7.32682,0.51538,0.0001,5e-05,0.39256,0.02931,5e-05,5e-05,0.0025,0.06758
1761332409321,110619.38,110619.37,110619.31,110618.28,110618.0,110617.9,110616.62,110614.96,110613.86,110613.8,0.67643,0.001,0.0001,0.00119,0.00014,5e-05,0.00209,0.00367,0.00038,5e-05,110619.39,110619.4,110619.47,110620.0,110620.13,110620.55,110621.21,110621.53,110623.24,110623.49,7.53547,0.51538,0.0001,5e-05,0.39256,0.02931,5e-05,0.00255,0.06758,0.00044
1761332409422,110619.38,110619.37,110619.31,110618.28,110618.0,110617.9,110616.62,110614.96,110613.86,110613.8,0.67608,0.00065,0.0001,0.00119,0.00014,5e-05,0.00209,0.00367,0.00038,5e-05,110619.39,110619.4,110619.47,110620.0,110620.13,110620.55,110621.21,110621.53,110623.23,110623.24,6.94315,0.51538,0.0001,5e-05,0.39256,0.02931,5e-05,0.00255,0.00451,0.06758
1761332409521,110619.38,110619.37,110619.31,110618.28,110618.0,110617.9,110616.62,110614.96,110613.86,110613.8,0.67648,0.00105,0.0001,0.00119,0.00014,5e-05,0.00209,0.00367,0.00038,5e-05,110619.39,110619.4,110619.41,110619.47,110620.0,110620.13,110620.55,110621.21,110621.53,110623.23,6.94315,0.51538,0.04519,0.0001,0.10005,0.39256,0.02931,5e-05,0.00255,0.00451
1761332409621,110619.38,110619.37,110619.31,110618.28,110618.0,110617.9,110616.62,110615.55,110614.96,110613.86,0.67588,0.00085,0.0001,0.00119,0.00014,5e-05,0.00209,0.00013,0.00367,0.00038,110619.39,110619.4,110619.41,110619.47,110620.0,110620.13,110620.55,110621.21,110621.53,110622.32,6.63695,0.65268,0.04549,0.0001,0.10025,0.39241,0.02916,5e-05,0.0025,5e-05
1761332409721,110619.38,110619.37,110619.31,110618.28,110618.0,110617.9,110616.62,110615.55,110614.96,110613.86,0.67702,0.00085,0.0001,0.00119,0.00014,5e-05,0.00209,0.00013,0.00367,0.00038,110619.39,110619.4,110619.41,110619.47,110620.0,110620.13,110620.55,110621.21,110621.53,110622.32,6.63695,0.65268,0.04549,0.0001,0.10025,0.39241,0.02916,5e-05,0.0025,5e-05
1761332409820,110619.38,110619.37,110619.31,110618.28,110618.0,110617.9,110616.62,110615.55,110614.96,110613.86,0.67702,0.00085,0.0001,0.00119,0.00014,5e-05,0.00209,0.00013,0.00367,0.00038,110619.39,110619.4,110619.41,110619.47,110620.0,110620.13,110620.55,110621.21,110621.53,110622.32,6.63695,0.65268,0.04549,0.0001,0.10025,0.39241,0.02916,5e-05,0.0025,5e-05
1761332409921,110619.38,110619.37,110619.31,110618.28,110618.0,110617.9,110616.62,110615.55,110614.96,110613.86,0.67702,0.00085,0.0001,0.00119,0.00014,5e-05,0.00209,0.00013,0.00367,0.00038,110619.39,110619.4,110619.41,110619.47,110620.0,110620.13,110620.55,110621.21,110621.53,110622.32,6.63695,0.65268,0.04549,0.0001,0.10025,0.39241,0.02916,5e-05,0.0025,5e-05
1761332410021,110619.38,110619.37,110619.31,110618.28,110618.0,110617.9,110616.62,110615.55,110614.96,110613.86,0.67702,0.00085,0.0001,0.00119,0.00014,5e-05,0.00209,0.00013,0.00367,0.00038,110619.39,110619.4,110619.41,110619.47,110620.0,110620.13,110620.55,110621.21,110621.53,110622.32,6.63695,0.65268,0.04549,0.0001,0.10025,0.39241,0.02916,5e-05,0.0025,5e-05
1761332410121,110619.38,110619.37,110619.31,110618.28,110618.0,110617.9,110616.62,110615.55,110614.96,110613.86,0.67702,0.00085,0.0001,0.00119,0.00014,5e-05,0.00209,0.00013,0.00367,0.00038,110619.39,110619.4,110619.41,110619.47,110620.0,110620.13,110620.55,110621.21,110621.53,110622.32,6.63666,0.65268,0.04549,0.0001,0.10025,0.39241,0.02916,5e-05,0.0025,5e-05
1761332410221,110619.38,110619.37,110619.31,110618.28,110618.0,110617.9,110616.62,110615.55,110614.96,110613.86,0.53877,0.00095,0.0001,0.00119,0.00014,5e-05,0.00209,0.00013,0.00367,0.00038,110619.39,110619.4,110619.41,110619.47,110620.0,110620.13,110620.55,110621.21,110621.53,110622.32,6.63649,0.65268,0.04549,0.0001,0.10025,0.39241,0.02916,5e-05,0.0025,5e-05
1761332410320,110619.38,110619.37,110619.31,110618.28,110618.0,110617.9,110616.62,110615.55,110614.96,110613.86,0.53877,0.0009,0.0001,0.00119,0.00014,5e-05,0.00209,0.00013,0.00367,0.00038,110619.39,110619.4,110619.41,110619.47,110620.0,110620.13,110620.55,110621.21,110621.53,110622.32,6.63639,0.65268,0.04549,0.0001,0.10025,0.39241,0.02916,5e-05,0.0025,5e-05
1761332410422,110619.38,110619.37,110619.31,110618.28,110618.0,110617.9,110616.62,110615.55,110614.96,110613.86,0.53877,0.0009,0.0001,0.00119,0.00014,5e-05,0.00209,0.00013,0.00367,0.00038,110619.39,110619.4,110619.41,110619.47,110620.0,110620.13,110620.55,110621.21,110621.5,110621.53,6.63639,0.65268,0.04549,0.0001,0.10025,0.39241,0.02916,5e-05,5e-05,0.0025
1761332410521,110619.38,110619.37,110619.31,110618.28,110618.0,110617.9,110616.62,110615.55,110614.96,110613.86,0.67717,0.0009,0.0001,0.00119,0.00014,5e-05,0.00209,0.00013,0.00367,0.00038,110619.39,110619.4,110619.41,110619.47,110620.0,110620.13,110620.55,110621.21,110621.5,110621.53,6.65048,0.65268,0.04549,0.0001,0.10025,0.39241,0.02916,5e-05,5e-05,0.0025
1761332410621,110619.38,110619.37,110619.31,110618.28,110618.0,110617.9,110616.62,110615.55,110614.96,110613.8,0.27627,0.00095,0.0001,0.00119,0.00014,5e-05,0.00209,0.00013,0.00367,5e-05,110619.39,110619.4,110619.41,110619.47,110620.0,110620.13,110620.55,110621.21,110621.5,110621.53,7.48965,0.15857,0.04549,0.0001,0.10025,0.09413,0.02916,5e-05,5e-05,0.0025
1761332410721,110619.38,110619.37,110619.31,110619.01,110618.28,110618.0,110617.9,110616.62,110615.55,110614.96,0.3136,0.0009,0.0001,5e-05,0.00119,0.00014,5e-05,0.00209,0.00013,0.00367,110619.39,110619.4,110619.41,110619.47,110620.0,110620.13,110620.55,110621.21,110621.5,110621.53,7.94637,0.15857,0.04549,0.0001,0.10025,0.09413,0.02916,5e-05,5e-05,0.0025
1761332410821,110619.38,110619.37,110619.31,110619.01,110618.28,110618.0,110617.9,110616.62,110615.55,110614.96,0.19868,0.0009,0.0001,5e-05,0.00119,0.00014,5e-05,0.00209,0.00013,0.00367,110619.39,110619.4,110619.41,110619.47,110620.0,110620.13,110620.55,110621.21,110621.5,110621.53,8.57652,0.15857,0.04549,0.0001,0.10025,0.09413,0.02916,5e-05,5e-05,0.0025
1761332410921,110619.38,110619.37,110619.31,110619.01,110618.28,110618.0,110617.9,110616.62,110615.55,110614.96,0.11292,0.001,0.0001,5e-05,0.00119,0.00014,5e-05,0.00209,0.00013,0.00367,110619.39,110619.4,110619.41,110619.47,110620.0,110620.13,110620.55,110621.21,110621.5,110621.53,8.34598,0.15857,0.04549,0.0001,0.10025,0.09413,0.02916,5e-05,5e-05,0.0025
1761332411021,110619.38,110619.37,110619.31,110619.01,110618.79,110618.28,110618.0,110617.9,110616.62,110615.55,0.11297,0.001,0.0001,5e-05,0.0001,0.00119,0.00014,5e-05,0.00209,0.00013,110619.39,110619.4,110619.41,110619.47,110620.0,110620.13,110620.55,110621.21,110621.5,110621.53,8.34612,0.15857,0.04549,0.0001,0.10025,0.09413,0.02916,5e-05,5e-05,0.0025
1761332411121,110619.38,110619.37,110619.31,110619.01,110618.79,110618.6,110618.28,110618.0,110617.9,110616.62,0.11297,0.001,0.0001,5e-05,0.0001,0.0001,0.00119,0.00014,5e-05,0.00209,110619.39,110619.4,110619.41,110619.47,110620.0,110620.13,110620.55,110621.21,110621.5,110621.53,8.34612,0.15857,0.04549,0.0001,0.10025,0.09413,0.02916,5e-05,5e-05,0.0025
1761332411220,110618.28,110618.27,110618.0,110617.9,110616.62,110614.96,110613.8,110613.7,110613.57,110613.16,0.00225,0.0009,0.00014,5e-05,0.00219,0.00382,5e-05,0.00013,5e-05,0.0001,110618.29,110618.8,110619.01,110619.02,110619.28,110619.32,110619.38,110619.39,110619.4,110619.41,8.06645,0.56,4.2011,0.8684,5e-05,0.0002,1.40281,1.10565,0.15837,0.04524
1761332411321,110618.26,110618.25,110618.0,110617.9,110616.62,110615.68,110614.96,110613.8,110613.57,110613.16,0.00215,0.0009,0.00014,5e-05,0.00219,5e-05,0.00382,5e-05,5e-05,0.0001,110618.27,110618.28,110618.29,110618.3,110618.37,110618.8,110619.01,110619.02,110619.28,110619.37,6.88193,5.51408,0.15705,0.04519,0.0001,0.0002,0.00015,5e-05,5e-05,0.20345
1761332411421,110616.62,110616.61,110614.96,110613.8,110613.57,110613.16,110612.89,110612.82,110612.75,110612.7,0.00205,0.0009,0.00382,5e-05,5e-05,0.0001,0.0001,0.0001,0.00567,5e-05,110616.63,110616.7,110616.71,110617.1,110618.01,110618.25,110618.26,110618.27,110618.28,110618.29,8.56611,0.00062,0.0001,0.0025,0.315,0.062,3.96355,0.03063,0.0002,0.04188
1761332411521,110616.61,110616.6,110614.96,110613.8,110613.57,110613.16,110612.89,110612.82,110612.76,110612.75,0.0022,0.0009,0.00382,5e-05,5e-05,0.0001,0.0001,0.0001,5e-05,0.00567,110616.62,110616.63,110616.7,110616.71,110617.1,110618.01,110618.25,110618.26,110618.27,110618.29,8.28527,2.07796,0.00082,0.0001,0.0026,0.31515,0.0001,0.54119,0.00024,0.04012
1761332411622,110606.53,110606.52,110606.45,110606.1,110605.06,110605.01,110605.0,110603.7,110603.11,110603.1,0.36252,0.0009,0.0001,5e-05,7e-05,5e-05,0.0001,0.00382,5e-05,0.0001,110606.54,110606.62,110608.32,110610.28,110610.64,110612.08,110612.67,110613.06,110613.8,110616.61,7.53382,0.0001,5e-05,0.04589,0.00044,0.04521,0.0025,0.04606,5e-05,3.46097
1761332411721,110606.53,110606.52,110606.45,110606.1,110605.06,110603.7,110602.84,110602.8,110602.6,110602.42,0.3727,0.0011,0.0001,5e-05,7e-05,0.0002,5e-05,5e-05,5e-05,0.0016,110606.54,110606.62,110608.32,110610.27,110610.28,110610.64,110612.07,110612.08,110612.67,110613.06,7.56436,0.0001,5e-05,0.01383,0.04619,0.00064,0.02801,0.04536,0.00255,0.04611
1761332411821,110606.53,110606.52,110606.45,110606.1,110605.06,110602.84,110602.8,110602.6,110602.43,110602.42,0.3737,0.00115,0.0001,5e-05,7e-05,5e-05,5e-05,5e-05,0.7692,0.0017,110606.54,110606.62,110608.32,110610.27,110610.28,110610.4,110610.64,110612.07,110612.08,110612.67,7.29465,0.0001,5e-05,0.01408,0.04614,0.08488,0.00054,0.02811,0.04526,0.0025
1761332411922,110606.53,110606.52,110606.45,110606.1,110605.06,110602.84,110602.8,110602.6,110602.44,110602.43,0.3737,0.00115,0.0001,5e-05,7e-05,5e-05,5e-05,5e-05,0.29519,0.7694,110606.54,110606.62,110608.32,110610.27,110610.28,110610.4,110610.64,110612.06,110612.07,110612.08,7.29475,0.0001,5e-05,0.03775,0.04614,0.08503,0.00049,0.00166,0.02806,0.04526
1761332412021,110606.53,110606.52,110606.45,110606.1,110605.06,110602.84,110602.8,110602.6,110602.45,110602.44,0.3736,0.00115,0.0001,5e-05,7e-05,5e-05,5e-05,5e-05,5e-05,0.29544,110606.54,110606.55,110606.62,110608.32,110610.27,110610.28,110610.4,110610.64,110612.06,110612.07,7.29475,0.00905,0.0001,5e-05,0.0378,0.04619,0.08503,0.00049,0.00166,0.02806
1761332412120,110606.53,110606.52,110606.45,110606.1,110605.06,110602.84,110602.8,110602.45,110602.44,110602.43,0.3736,0.00115,0.0001,5e-05,7e-05,5e-05,5e-05,5e-05,0.29544,0.0001,110606.54,110606.55,110606.62,110608.32,110610.27,110610.28,110610.4,110610.64,110611.45,110612.06,7.29509,0.00925,0.0001,5e-05,0.0378,0.04609,0.08498,0.00044,5e-05,0.00166
1761332412221,110606.53,110606.52,110606.45,110606.1,110605.06,110602.84,110602.8,110602.45,110602.44,110602.42,0.37355,0.0011,0.0001,5e-05,7e-05,5e-05,5e-05,0.06438,0.0002,0.0016,110606.54,110606.55,110606.62,110608.32,110610.27,110610.28,110610.4,110610.64,110611.44,110611.45,7.29514,0.00935,0.0001,5e-05,0.0378,0.04609,0.08498,0.00044,0.00166,5e-05
1761332412321,110606.53,110606.52,110606.45,110606.1,110605.06,110603.31,110602.84,110602.8,110602.46,110602.45,0.37355,0.0011,0.0001,5e-05,7e-05,9e-05,5e-05,5e-05,5e-05,0.06453,110606.54,110606.55,110606.62,110608.32,110610.27,110610.28,110610.4,110610.64,110611.45,110612.07,7.29514,0.00935,0.0001,5e-05,0.0378,0.04609,0.08498,0.00044,5e-05,0.02806
1761332412421,110606.53,110606.52,110606.45,110606.1,110605.06,110603.31,110602.84,110602.8,110602.46,110602.45,0.37355,0.0011,0.0001,5e-05,7e-05,9e-05,5e-05,5e-05,5e-05,0.06453,110606.54,110606.55,110606.62,110608.32,110610.27,110610.28,110610.4,110610.64,110611.45,110612.07,7.23554,0.00935,0.0001,5e-05,0.0378,0.04609,0.08498,0.00044,5e-05,0.02806
1761332412521,110606.53,110606.52,110606.45,110606.1,110605.06,110603.31,110602.84,110602.8,110602.46,110602.45,0.37207,0.0011,0.0001,5e-05,7e-05,9e-05,5e-05,5e-05,5e-05,0.06463,110606.54,110606.55,110606.62,110608.32,110610.27,110610.28,110610.4,110610.63,110610.64,110611.45,7.23505,0.00935,0.0001,5e-05,0.0378,0.04609,0.08503,0.00166,0.00044,5e-05
1761332412621,110606.53,110606.52,110606.45,110606.1,110605.06,110603.31,110602.84,110602.8,110602.46,110602.45,0.91216,0.0005,0.0001,5e-05,7e-05,9e-05,5e-05,5e-05,5e-05,0.06463,110606.54,110606.55,110606.62,110608.32,110610.27,110610.28,110610.4,110610.63,110611.45,110612.07,7.23545,0.00975,0.0001,5e-05,0.0378,0.04609,0.08503,0.00166,5e-05,0.02811
1761332412721,110606.53,110606.52,110606.45,110606.1,110605.06,110603.81,110603.31,110603.16,110602.84,110602.8,2.64964,0.00045,0.0001,5e-05,7e-05,0.0025,9e-05,0.1445,5e-05,5e-05,110606.54,110606.55,110606.62,110608.32,110608.95,110610.26,110610.27,110610.28,110610.39,110610.4,5.75674,0.00975,0.0001,5e-05,0.04,5e-05,0.03785,0.04609,5e-05,0.08503
1761332412821,110606.53,110606.52,110606.45,110606.1,110605.55,110605.06,110603.81,110603.17,110603.16,110602.84,3.41974,0.00055,0.0001,5e-05,9e-05,7e-05,0.0027,5e-05,0.0002,5e-05,110606.54,110606.55,110606.62,110608.32,110608.94,110608.95,110610.26,110610.27,110610.28,110610.39,5.75714,0.0096,0.0001,5e-05,5e-05,0.0403,5e-05,0.03775,0.04604,5e-05
1761332412921,110606.53,110606.52,110606.45,110606.1,110605.55,110605.06,110603.81,110603.5,110602.84,110602.8,3.41974,0.0005,0.0001,5e-05,9e-05,7e-05,0.0027,5e-05,5e-05,5e-05,110606.54,110606.55,110606.62,110608.32,110608.94,110608.95,110610.26,110610.27,110610.28,110610.39,5.75714,0.0096,0.0001,5e-05,5e-05,0.0403,5e-05,0.03775,0.04604,5e-05
1761332413021,110606.53,110606.52,110606.45,110606.1,110605.55,110605.06,110604.06,110603.81,110603.5,110602.84,3.41974,0.0005,0.0001,5e-05,9e-05,7e-05,0.1445,0.0027,5e-05,5e-05,110606.54,110606.55,110606.62,110608.32,110608.94,110608.95,110610.26,110610.27,110610.28,110610.39,5.75664,0.00965,0.0001,5e-05,5e-05,0.0403,5e-05,0.03775,0.04604,5e-05
1761332413121,110606.53,110606.52,110606.45,110606.1,110605.55,110605.06,110604.07,110604.06,110603.81,110603.77,3.41984,0.00055,0.0001,5e-05,9e-05,7e-05,5e-05,0.1447,0.0026,0.00199,110606.54,110606.55,110606.62,110607.64,110608.32,110608.94,110608.95,110609.3,110610.26,110610.27,5.75669,0.0097,0.0001,0.001,5e-05,5e-05,0.0403,0.00199,5e-05,0.03775
1761332413220,110606.53,110606.52,110606.45,110606.1,110605.55,110605.06,110604.07,110604.06,110603.81,110603.77,3.41989,0.0006,0.0001,5e-05,9e-05,7e-05,5e-05,0.14475,0.0026,0.00204,110606.54,110606.55,110606.62,110607.64,110608.32,110608.94,110608.95,110609.3,110610.26,110610.27,5.2497,0.00985,0.0001,0.0012,5e-05,5e-05,0.0402,0.00204,5e-05,0.03765
1761332413321,110606.53,110606.52,110606.45,110606.1,110605.55,110605.06,110604.07,110604.06,110603.81,110603.77,3.53295,0.0006,0.0001,5e-05,9e-05,7e-05,5e-05,0.14475,0.0026,0.00204,110606.54,110606.55,110606.62,110607.64,110608.32,110608.94,110608.95,110609.3,110610.26,110610.27,5.2497,0.00985,0.0001,0.0012,5e-05,5e-05,0.0402,0.00204,5e-05,0.03765
1761332413422,110606.53,110606.52,110606.45,110606.1,110605.55,110605.06,110604.07,110604.06,110603.81,110603.77,3.53314,0.0006,0.0001,5e-05,9e-05,7e-05,5e-05,0.14475,0.0026,0.00204,110606.54,110606.55,110606.62,110607.64,110608.32,110608.94,110608.95,110609.3,110610.26,110610.27,5.2497,0.00985,0.0001,0.0012,5e-05,5e-05,0.0402,0.00204,5e-05,0.03765
1761332413521,110606.53,110606.52,110606.45,110606.1,110605.55,110605.06,110604.07,110604.06,110603.81,110603.77,3.53314,0.0006,0.0001,5e-05,9e-05,7e-05,5e-05,0.14475,0.0026,0.00204,110606.54,110606.55,110606.62,110607.64,110607.92,110608.32,110608.94,110608.95,110609.3,110610.26,5.24965,0.0098,0.0001,0.0012,5e-05,5e-05,5e-05,0.0402,0.00204,5e-05
1761332413621,110606.53,110606.52,110606.45,110606.1,110605.06,110604.07,110604.06,110603.94,110603.81,110603.77,3.36707,0.0006,0.0001,5e-05,7e-05,5e-05,0.14475,9e-05,0.0026,0.00204,110606.54,110606.55,110606.62,110607.64,110607.92,110608.32,110608.94,110608.95,110609.3,110610.26,5.2503,0.0099,0.0001,0.0012,5e-05,5e-05,5e-05,0.0402,0.00204,5e-05
1761332413722,110606.53,110606.52,110606.45,110606.1,110605.06,110604.07,110604.06,110603.94,110603.81,110603.77,3.36717,0.00065,0.0001,5e-05,7e-05,5e-05,0.14475,9e-05,0.0001,0.00204,110606.54,110606.55,110606.62,110607.64,110607.92,110608.32,110608.94,110608.95,110609.3,110610.26,5.2503,0.0099,0.0001,0.0012,5e-05,5e-05,5e-05,0.0402,0.00204,5e-05
1761332413821,110606.53,110606.52,110606.45,110606.1,110605.06,110604.07,110604.06,110603.94,110603.77,110603.5,3.36707,0.0006,0.0001,5e-05,7e-05,5e-05,0.14475,9e-05,0.00209,5e-05,110606.54,110606.55,110606.62,110607.64,110607.92,110608.32,110608.94,110608.95,110609.3,110610.26,5.25035,0.0099,0.0001,0.0012,5e-05,5e-05,5e-05,0.0402,0.00204,5e-05
1761332413922,110606.53,110606.52,110606.45,110606.1,110605.06,110604.07,110604.06,110603.94,110603.77,110603.5,3.36678,0.00065,0.0001,5e-05,7e-05,5e-05,0.14475,9e-05,0.00209,5e-05,110606.54,110606.55,110606.62,110607.64,110607.92,110608.32,110608.94,110608.95,110609.3,110610.26,5.25035,0.0099,0.0001,0.0012,5e-05,5e-05,5e-05,0.0402,0.00204,5e-05
1761332414021,110606.53,110606.52,110606.45,110606.1,110605.06,110604.07,110604.06,110603.94,110603.77,110603.5,3.36678,0.00065,0.0001,5e-05,7e-05,5e-05,0.14475,9e-05,0.00209,5e-05,110606.54,110606.55,110606.62,110607.64,110607.92,110608.32,110608.94,110608.95,110609.03,110609.3,5.25035,0.0099,0.0001,0.0012,5e-05,5e-05,5e-05,0.0402,5e-05,0.00204
1761332414121,110606.53,110606.52,110606.45,110606.1,110605.06,110604.07,110604.06,110603.94,110603.81,110603.77,3.36683,0.00065,0.0001,5e-05,7e-05,5e-05,0.00025,9e-05,0.0025,0.00209,110606.54,110606.55,110606.62,110607.64,110607.92,110608.32,110608.94,110608.95,110609.03,110609.3,5.25035,0.0099,0.0001,0.0012,5e-05,5e-05,5e-05,0.0402,5e-05,0.00204
1761332414221,110606.53,110606.52,110606.45,110606.1,110605.06,110603.94,110603.81,110603.77,110603.5,110603.43,3.36693,0.00065,0.0001,5e-05,7e-05,9e-05,0.0027,0.00209,5e-05,5e-05,110606.54,110606.55,110606.62,110607.64,110607.92,110608.32,110608.94,110608.95,110609.03,110609.3,5.2503,0.0099,0.0001,0.0012,5e-05,5e-05,5e-05,0.0402,5e-05,0.00204
1761332414320,110606.53,110606.52,110606.45,110606.1,110605.06,110603.94,110603.81,110603.77,110603.5,110603.43,3.36698,0.0007,0.0001,5e-05,7e-05,9e-05,0.0027,0.00209,5e-05,5e-05,110606.54,110606.55,110606.62,110607.64,110607.92,110608.32,110608.94,110608.95,110609.03,110609.3,5.2503,0.0099,0.0001,0.0012,5e-05,5e-05,5e-05,0.0402,5e-05,0.00204
1761332414422,110606.53,110606.52,110606.45,110606.1,110605.06,110603.94,110603.81,110603.77,110603.5,110603.43,3.36698,0.00078,0.0001,5e-05,7e-05,9e-05,0.0027,0.00209,5e-05,5e-05,110606.54,110606.55,110606.62,110607.64,110607.92,110608.32,110608.94,110608.95,110609.03,110609.3,5.25011,0.0099,0.0001,0.0012,5e-05,5e-05,5e-05,0.0402,5e-05,0.00204
1761332414521,110606.53,110606.52,110606.45,110606.1,110605.06,110603.94,110603.81,110603.77,110603.5,110603.43,3.36673,0.00083,0.0001,5e-05,7e-05,9e-05,0.0027,0.00209,5e-05,5e-05,110606.54,110606.55,110606.62,110607.64,110607.92,110608.32,110608.94,110608.95,110609.03,110609.3,5.24898,0.0099,0.0001,0.0012,5e-05,5e-05,5e-05,0.0402,5e-05,0.00204
1761332414621,110606.53,110606.52,110606.45,110606.1,110605.06,110603.94,110603.81,110603.77,110603.5,110603.43,3.36656,0.00078,0.0001,5e-05,7e-05,9e-05,0.0027,0.00209,5e-05,5e-05,110606.54,110606.55,110606.62,110607.64,110607.92,110608.32,110608.94,110608.95,110609.03,110609.3,5.24898,0.0099,0.0001,0.0012,5e-05,5e-05,5e-05,0.0402,5e-05,0.00204
1761332414721,110606.53,110606.52,110606.45,110606.1,110605.06,110603.94,110603.81,110603.77,110603.5,110603.43,3.36666,0.00083,0.0001,5e-05,7e-05,9e-05,0.0027,0.00209,5e-05,5e-05,110606.54,110606.55,110606.62,110607.64,110607.92,110608.32,110608.94,110608.95,110609.03,110609.3,5.24914,0.0099,0.0001,0.0012,5e-05,5e-05,5e-05,0.0402,5e-05,0.00204
1761332414821,110606.53,110606.52,110606.45,110606.1,110605.06,110603.94,110603.81,110603.77,110603.5,110603.43,3.36666,0.00083,0.0001,5e-05,7e-05,9e-05,0.0027,0.00209,5e-05,5e-05,110606.54,110606.55,110606.62,110607.64,110607.92,110608.32,110608.94,110608.95,110609.03,110609.3,5.24914,0.0099,0.0001,0.0012,5e-05,5e-05,5e-05,0.0402,5e-05,0.00204
1761332414925,110606.53,110606.52,110606.45,110606.1,110605.06,110603.94,110603.81,110603.77,110603.5,110603.43,3.36666,0.00083,0.0001,5e-05,7e-05,9e-05,0.0027,0.00209,5e-05,5e-05,110606.54,110606.55,110606.62,110607.64,110607.92,110608.32,110608.94,110608.95,110609.03,110609.3,5.24914,0.0099,0.0001,0.0012,5e-05,5e-05,5e-05,0.0402,5e-05,0.00204
1761332415021,110606.53,110606.52,110606.45,110606.1,110605.06,110603.94,110603.81,110603.77,110603.5,110603.43,3.36666,0.00083,0.0001,5e-05,7e-05,9e-05,0.0027,0.00209,5e-05,5e-05,110606.54,110606.55,110606.62,110607.64,110607.92,110608.32,110608.94,110608.95,110609.03,110609.3,5.21184,0.0099,0.0001,0.0012,5e-05,5e-05,5e-05,0.0402,5e-05,0.00204
1761332415121,110606.53,110606.52,110606.45,110606.1,110605.06,110603.94,110603.81,110603.77,110603.5,110603.43,3.36666,0.00083,0.0001,5e-05,7e-05,9e-05,0.0027,0.00209,5e-05,5e-05,110606.54,110606.55,110606.62,110607.64,110607.92,110608.32,110608.94,110608.95,110609.03,110609.3,5.21184,0.0099,0.0001,0.0012,5e-05,5e-05,5e-05,0.0402,5e-05,0.00204
1761332415221,110606.53,110606.52,110606.45,110606.1,110605.06,110603.94,110603.81,110603.77,110603.5,110603.43,3.05171,0.00088,0.0001,5e-05,7e-05,9e-05,0.0027,0.00209,5e-05,5e-05,110606.54,110606.55,110606.62,110607.64,110607.92,110608.32,110608.94,110608.95,110609.03,110609.3,5.21184,0.0099,0.0001,0.0012,5e-05,5e-05,5e-05,0.0402,5e-05,0.00204
1761332415321,110606.53,110606.52,110606.45,110606.1,110605.06,110603.94,110603.81,110603.77,110603.5,110603.43,3.05166,0.00083,0.0001,5e-05,7e-05,9e-05,0.0027,0.00209,5e-05,5e-05,110606.54,110606.55,110606.62,110607.64,110607.92,110608.32,110608.94,110608.95,110609.03,110609.3,5.21189,0.0099,0.0001,0.0012,5e-05,5e-05,5e-05,0.0402,5e-05,0.00204
1761332415421,110606.53,110606.52,110606.45,110606.1,110605.06,110603.94,110603.81,110603.77,110603.5,110603.43,2.91606,0.00083,0.0001,5e-05,7e-05,9e-05,0.0027,0.00209,5e-05,5e-05,110606.54,110606.55,110606.62,110607.64,110607.92,110608.32,110608.94,110608.95,110609.03,110609.3,5.21173,0.00985,0.0001,0.0012,5e-05,5e-05,5e-05,0.0402,5e-05,0.00204
1761332415521,110606.53,110606.52,110606.45,110606.1,110605.06,110603.94,110603.81,110603.77,110603.5,110603.43,2.91606,0.00083,0.0001,5e-05,7e-05,9e-05,0.0027,0.00209,5e-05,5e-05,110606.54,110606.55,110606.62,110607.64,110607.92,110608.32,110608.94,110608.95,110609.03,110609.3,5.21195,0.00985,0.0001,0.0012,5e-05,5e-05,5e-05,0.0402,5e-05,0.00204
1761332415620,110606.53,110606.52,110606.45,110606.1,110605.06,110603.94,110603.81,110603.77,110603.5,110603.43,3.23101,0.00083,0.0001,5e-05,7e-05,9e-05,0.0027,0.00209,5e-05,5e-05,110606.54,110606.55,110606.62,110607.64,110607.92,110608.32,110608.94,110608.95,110609.03,110609.3,5.19433,0.00985,0.0001,0.0012,5e-05,5e-05,5e-05,0.0402,5e-05,0.00204
1761332415720,110606.53,110606.52,110606.45,110606.1,110605.06,110603.94,110603.81,110603.77,110603.5,110603.43,3.23101,0.00083,0.0001,5e-05,7e-05,9e-05,0.0027,0.00209,5e-05,5e-05,110606.54,110606.55,110606.62,110607.64,110607.92,110608.32,110608.94,110608.95,110609.03,110609.3,5.25628,0.0098,0.0001,0.0012,5e-05,5e-05,0.02808,0.0402,5e-05,0.00204
1761332415821,110606.53,110606.52,110606.45,110606.1,110605.06,110603.94,110603.81,110603.77,110603.5,110603.43,3.23101,0.00083,0.0001,5e-05,7e-05,9e-05,0.0027,0.00209,5e-05,5e-05,110606.54,110606.55,110606.62,110607.64,110607.92,110608.32,110608.94,110608.95,110609.03,110609.3,5.25628,0.0098,0.0001,0.0012,5e-05,5e-05,0.02828,0.04015,5e-05,0.00199
1761332415920,110606.53,110606.52,110606.45,110606.1,110605.06,110603.94,110603.81,110603.77,110603.5,110603.43,2.46181,0.00083,0.0001,5e-05,7e-05,9e-05,0.0027,0.00209,5e-05,5e-05,110606.54,110606.55,110606.62,110607.64,110607.92,110608.32,110608.94,110608.95,110609.03,110609.3,5.25628,0.0098,0.0001,0.0012,5e-05,5e-05,0.02828,0.04015,5e-05,0.00199
1761332416020,110606.53,110606.52,110606.45,110606.1,110605.06,110603.94,110603.81,110603.77,110603.5,110603.43,2.46181,0.00083,0.0001,5e-05,7e-05,9e-05,0.0027,0.00209,5e-05,5e-05,110606.54,110606.55,110606.62,110607.64,110607.92,110608.32,110608.94,110608.95,110609.03,110609.3,5.25628,0.0098,0.0001,0.0012,5e-05,5e-05,0.02828,0.04015,5e-05,0.00199
1761332416121,110606.53,110606.52,110606.45,110606.1,110605.06,110603.94,110603.81,110603.77,110603.5,110603.43,2.46157,0.00083,0.0001,5e-05,7e-05,9e-05,0.0027,0.00209,5e-05,5e-05,110606.54,110606.55,110606.62,110607.64,110607.92,110608.32,110608.94,110608.95,110609.03,110609.3,5.2563,0.0098,0.0001,0.0012,5e-05,5e-05,0.02828,0.04015,5e-05,0.00199
1761332416222,110606.53,110606.52,110606.45,110606.1,110605.06,110603.94,110603.81,110603.77,110603.5,110603.43,2.46157,0.00083,0.0001,5e-05,7e-05,9e-05,0.0027,0.00209,5e-05,5e-05,110606.54,110606.55,110606.62,110607.64,110607.92,110608.32,110608.94,110608.95,110609.03,110609.3,5.25635,0.0098,0.0001,0.0012,5e-05,5e-05,0.02828,0.04015,5e-05,0.00199
1761332416320,110606.53,110606.52,110606.45,110606.1,110605.06,110603.94,110603.81,110603.77,110603.5,110603.43,2.05867,0.00098,0.0001,5e-05,7e-05,9e-05,0.0027,0.00209,5e-05,5e-05,110606.54,110606.55,110606.62,110607.64,110607.92,110608.32,110608.94,110608.95,110609.03,110609.3,5.25625,0.00965,0.0001,0.0012,5e-05,5e-05,0.02828,0.04015,5e-05,0.00199
1761332416421,110606.53,110606.52,110606.45,110606.1,110605.06,110603.94,110603.81,110603.77,110603.5,110603.43,1.78729,0.00073,0.0001,5e-05,7e-05,9e-05,0.0027,0.00209,5e-05,5e-05,110606.54,110606.55,110606.62,110607.64,110607.92,110608.32,110608.94,110608.95,110609.03,110609.3,5.25615,0.00965,0.0001,0.0012,5e-05,5e-05,0.02828,0.04015,5e-05,0.00199
1761332416521,110606.53,110606.52,110606.45,110606.1,110605.06,110603.94,110603.81,110603.77,110603.5,110603.43,1.78647,0.00073,0.0001,5e-05,7e-05,9e-05,0.0027,0.00209,5e-05,5e-05,110606.54,110606.55,110606.62,110607.64,110607.92,110608.32,110608.94,110608.95,110609.03,110609.3,5.55615,0.00965,0.0001,0.0012,5e-05,5e-05,0.02828,0.04015,5e-05,0.00199
1761332416621,110606.53,110606.52,110606.45,110606.1,110605.06,110603.94,110603.81,110603.77,110603.5,110603.43,1.78721,0.00073,0.0001,5e-05,7e-05,9e-05,0.0027,0.00209,5e-05,5e-05,110606.54,110606.55,110606.62,110607.64,110607.92,110608.32,110608.94,110608.95,110609.03,110609.3,5.55615,0.00965,0.0001,0.0012,5e-05,5e-05,0.02828,0.04015,5e-05,0.00199
1761332416721,110606.53,110606.52,110606.45,110606.1,110605.06,110603.94,110603.81,110603.77,110603.5,110603.43,2.00997,0.00073,0.0001,5e-05,7e-05,9e-05,0.0027,0.00209,5e-05,5e-05,110606.54,110606.55,110606.62,110607.64,110607.92,110608.32,110608.93,110608.94,110608.95,110609.03,5.55625,0.0097,0.0001,0.0012,5e-05,5e-05,5e-05,0.02828,0.04015,5e-05
1761332416821,110606.53,110606.52,110606.45,110606.1,110605.06,110603.94,110603.81,110603.77,110603.5,110603.43,2.00998,0.00068,0.0001,5e-05,7e-05,9e-05,0.0027,0.00209,5e-05,5e-05,110606.54,110606.55,110606.62,110607.64,110607.92,110608.32,110608.93,110608.94,110608.95,110609.03,5.55627,0.0097,0.0001,0.0012,5e-05,5e-05,5e-05,0.02828,0.04015,5e-05
1761332416920,110606.53,110606.52,110606.45,110606.1,110605.06,110603.94,110603.81,110603.77,110603.5,110603.43,2.00998,0.00068,0.0001,5e-05,7e-05,9e-05,0.0027,0.00209,5e-05,5e-05,110606.54,110606.55,110606.62,110607.64,110607.92,110608.32,110608.93,110608.94,110608.95,110609.03,5.55625,0.0097,0.0001,0.0012,5e-05,5e-05,5e-05,0.02828,0.04015,5e-05
1761332417020,110606.53,110606.52,110606.45,110606.1,110605.06,110603.94,110603.81,110603.77,110603.5,110603.43,2.00998,0.00068,0.0001,5e-05,7e-05,9e-05,0.0027,0.00209,5e-05,5e-05,110606.54,110606.55,110606.62,110607.64,110607.92,110608.32,110608.93,110608.94,110608.95,110609.03,5.55625,0.0097,0.0001,0.0012,5e-05,5e-05,5e-05,0.02828,0.04015,5e-05
1761332417121,110606.53,110606.52,110606.45,110606.1,110605.06,110603.81,110603.77,110603.5,110603.43,110603.42,2.00997,0.00068,0.0001,5e-05,7e-05,0.0027,0.00209,5e-05,5e-05,0.0489,110606.54,110606.55,110606.62,110607.64,110607.92,110608.32,110608.93,110608.94,110608.95,110609.03,5.55616,0.0097,0.0001,0.0012,5e-05,5e-05,5e-05,0.02828,0.04015,5e-05
1761332417222,110606.53,110606.52,110606.45,110606.1,110605.06,110603.81,110603.77,110603.5,110603.43,110603.42,2.00997,0.00068,0.0001,5e-05,7e-05,0.0027,0.00209,5e-05,5e-05,0.0489,110606.54,110606.55,110606.62,110607.64,110607.92,110608.32,110608.93,110608.94,110608.95,110609.03,5.55616,0.0097,0.0001,0.0012,5e-05,5e-05,5e-05,0.02828,0.04015,5e-05
1761332417321,110606.53,110606.52,110606.45,110606.1,110605.06,110603.81,110603.77,110603.5,110603.43,110603.42,2.00997,0.00068,0.0001,5e-05,7e-05,0.0027,0.00209,5e-05,5e-05,0.0489,110606.54,110606.55,110606.62,110607.64,110607.92,110608.32,110608.93,110608.94,110608.95,110609.03,5.55616,0.0097,0.0001,0.0012,5e-05,5e-05,5e-05,0.02828,0.04015,5e-05
1761332417421,110606.53,110606.52,110606.45,110606.1,110605.06,110603.81,110603.77,110603.5,110603.43,110603.42,2.00977,0.00073,0.0001,5e-05,7e-05,0.0027,0.00209,5e-05,5e-05,0.0489,110606.54,110606.55,110606.62,110607.64,110607.92,110608.32,110608.93,110608.94,110608.95,110609.03,5.55616,0.0097,0.0001,0.0012,5e-05,5e-05,5e-05,0.02828,0.04015,5e-05
1761332417521,110606.53,110606.52,110606.45,110606.1,110605.06,110603.81,110603.77,110603.5,110603.43,110603.42,2.00977,0.00073,0.0001,5e-05,7e-05,0.0027,0.00209,5e-05,5e-05,0.0489,110606.54,110606.55,110606.62,110607.64,110607.92,110608.32,110608.93,110608.94,110608.95,110609.03,5.55616,0.0097,0.0001,0.0012,5e-05,5e-05,5e-05,0.02828,0.04015,5e-05
1761332417622,110606.53,110606.52,110606.45,110606.1,110605.06,110603.81,110603.77,110603.5,110603.43,110603.42,2.00977,0.00073,0.0001,5e-05,7e-05,0.0027,0.00209,5e-05,5e-05,0.0489,110606.54,110606.55,110606.62,110607.64,110607.92,110608.32,110608.93,110608.94,110608.95,110609.03,5.55596,0.0097,0.0001,0.0012,5e-05,5e-05,5e-05,0.02828,0.04015,5e-05
1761332417821,110606.53,110606.52,110606.45,110606.1,110605.06,110603.81,110603.77,110603.5,110603.43,110603.42,1.65131,0.00073,0.0001,5e-05,7e-05,0.0027,0.00209,5e-05,5e-05,0.0489,110606.54,110606.55,110606.62,110607.64,110607.92,110608.32,110608.93,110608.94,110608.95,110609.03,5.55596,0.0097,0.0001,0.0012,5e-05,5e-05,5e-05,0.02828,0.04015,5e-05
1761332417922,110606.53,110606.52,110606.45,110606.1,110605.06,110603.81,110603.77,110603.5,110603.43,110603.42,1.65126,0.00068,0.0001,5e-05,7e-05,0.0027,0.00209,5e-05,5e-05,0.0489,110606.54,110606.55,110606.62,110607.64,110607.92,110608.32,110608.93,110608.94,110608.95,110609.03,5.55596,0.0097,0.0001,0.0012,5e-05,5e-05,5e-05,0.02828,0.04015,5e-05
1761332418021,110606.53,110606.52,110606.45,110606.1,110605.06,110603.81,110603.77,110603.5,110603.43,110603.42,1.65141,0.00073,0.0001,5e-05,7e-05,0.0027,0.00209,5e-05,5e-05,0.0489,110606.54,110606.55,110606.62,110607.64,110607.92,110608.32,110608.93,110608.94,110608.95,110609.03,5.55591,0.0097,0.0001,0.0012,5e-05,5e-05,5e-05,0.02828,0.04015,5e-05
1761332418221,110606.53,110606.52,110606.45,110606.1,110605.06,110603.81,110603.77,110603.5,110603.43,110603.42,1.65141,0.00073,0.0001,5e-05,7e-05,0.0027,0.00209,5e-05,5e-05,0.0489,110606.54,110606.55,110606.62,110607.64,110607.92,110608.32,110608.93,110608.94,110608.95,110609.03,5.55591,0.0097,0.0001,0.0012,5e-05,5e-05,5e-05,0.02828,0.04015,5e-05
1761332418320,110606.53,110606.52,110606.45,110606.1,110605.06,110603.81,110603.77,110603.5,110603.43,110603.42,1.96641,0.00073,0.0001,5e-05,7e-05,0.0027,0.00209,5e-05,5e-05,0.0489,110606.54,110606.55,110606.62,110607.64,110607.92,110608.32,110608.93,110608.94,110608.95,110609.03,5.55591,0.0097,0.0001,0.0012,5e-05,5e-05,5e-05,0.02828,0.04015,5e-05
1761332418422,110606.53,110606.52,110606.45,110606.1,110605.06,110603.81,110603.77,110603.5,110603.43,110603.42,1.96641,0.00073,0.0001,5e-05,7e-05,0.0027,0.00209,5e-05,5e-05,0.0489,110606.54,110606.55,110606.62,110607.64,110607.92,110608.32,110608.93,110608.94,110608.95,110609.03,5.55591,0.0097,0.0001,0.0012,5e-05,5e-05,5e-05,0.02828,0.04015,5e-05
1761332418521,110606.53,110606.52,110606.45,110606.1,110605.06,110603.81,110603.77,110603.5,110603.43,110603.42,2.41627,0.00068,0.0001,5e-05,7e-05,0.0027,0.00209,5e-05,5e-05,0.0489,110606.54,110606.55,110606.62,110607.64,110607.92,110608.32,110608.93,110608.94,110608.95,110609.03,5.55596,0.0097,0.0001,0.0012,5e-05,5e-05,5e-05,0.02828,0.04015,5e-05
1761332418621,110606.53,110606.52,110606.45,110606.1,110605.06,110603.96,110603.81,110603.77,110603.5,110603.43,3.70528,0.00053,0.0001,5e-05,7e-05,0.145,0.0027,0.00209,5e-05,5e-05,110606.54,110606.55,110606.62,110607.64,110607.92,110608.32,110608.93,110608.94,110608.95,110609.03,3.78824,0.00975,0.0001,0.0012,5e-05,5e-05,5e-05,0.02828,0.00015,5e-05
1761332418722,110606.53,110606.52,110606.45,110606.1,110605.81,110605.14,110605.06,110603.96,110603.81,110603.77,5.02516,0.0002,0.0001,5e-05,0.06748,0.01847,7e-05,0.1503,0.0076,0.00204,110606.54,110606.55,110606.62,110607.64,110607.92,110608.32,110608.93,110608.94,110609.03,110609.29,0.07847,0.01005,0.0001,0.0012,5e-05,5e-05,5e-05,0.0002,5e-05,5e-05
1761332418821,110606.54,110606.53,110606.45,110606.1,110605.81,110605.14,110605.06,110603.96,110603.81,110603.77,9.38947,2.43424,0.0001,5e-05,0.07258,0.02357,7e-05,0.15015,0.00255,0.00199,110606.55,110606.56,110606.62,110607.64,110607.92,110608.32,110609.03,110609.3,110609.38,110610.1,0.00135,0.0009,0.0001,0.0012,5e-05,5e-05,5e-05,0.00219,0.0001,0.0001
1761332418921,110616.61,110616.54,110614.5,110613.8,110612.67,110612.22,110609.7,110608.32,110608.24,110607.63,6.59813,0.0001,0.06748,5e-05,0.3008,0.20345,5e-05,5e-05,0.0025,0.09129,110616.62,110616.63,110616.7,110617.43,110617.61,110617.89,110619.28,110619.3,110619.32,110619.33,0.90439,0.00045,0.0001,5e-05,0.003,5e-05,5e-05,5e-05,0.03155,0.0001
1761332419021,110616.61,110616.54,110614.78,110614.51,110614.5,110613.8,110612.68,110612.67,110612.23,110612.22,6.60656,0.0001,0.26039,5e-05,5e-05,5e-05,0.15057,0.30085,5e-05,0.2035,110616.62,110616.63,110616.7,110617.61,110617.89,110619.28,110619.3,110619.31,110619.32,110619.53,1.73443,0.00055,0.0001,0.0032,5e-05,5e-05,5e-05,0.01176,0.0002,0.05064
1761332419120,110616.61,110616.54,110614.96,110614.79,110614.78,110613.85,110613.8,110612.69,110612.68,110612.67,6.61664,0.0001,0.14499,0.28857,0.26044,0.14499,5e-05,5e-05,0.0001,0.30085,110616.62,110616.63,110616.7,110617.61,110617.89,110619.28,110619.3,110619.31,110619.52,110619.53,1.73528,0.0007,0.0001,0.0032,5e-05,5e-05,0.0001,0.0296,5e-05,0.05079
1761332419221,110616.61,110616.54,110614.97,110614.96,110614.8,110614.79,110614.78,110613.86,110613.85,110613.8,6.61669,0.0001,5e-05,0.14504,5e-05,0.28862,0.26044,5e-05,0.14499,5e-05,110616.62,110616.63,110616.7,110617.61,110617.89,110619.06,110619.28,110619.3,110619.31,110619.52,1.81518,0.00065,0.0001,0.0032,5e-05,0.08488,5e-05,0.0001,0.0296,5e-05
1761332419321,110616.61,110616.54,110614.97,110614.96,110614.8,110614.79,110614.78,110613.86,110613.85,110613.8,7.38639,0.0001,5e-05,0.14509,5e-05,0.28867,0.0001,5e-05,0.14509,5e-05,110616.62,110616.63,110616.7,110617.61,110617.89,110619.05,110619.06,110619.28,110619.3,110619.31,1.8079,0.0007,0.0001,0.0002,5e-05,0.06416,0.0002,5e-05,0.0001,0.00015
1761332419422,110616.61,110616.54,110614.97,110614.96,110614.8,110614.79,110614.58,110613.86,110613.85,110613.8,7.38639,0.0001,5e-05,0.14509,5e-05,0.28862,5e-05,5e-05,0.14509,5e-05,110616.62,110616.63,110616.7,110619.04,110619.05,110619.28,110619.3,110619.52,110619.53,110620.0,1.80468,0.0006,0.0001,5e-05,0.03033,5e-05,5e-05,5e-05,0.05084,5e-05
1761332419520,110616.61,110616.54,110614.97,110614.96,110614.8,110614.79,110614.58,110613.86,110613.85,110613.8,7.38639,0.0001,5e-05,0.14509,5e-05,0.28862,5e-05,5e-05,0.14509,5e-05,110616.62,110616.63,110616.7,110619.04,110619.05,110619.28,110619.3,110619.52,110619.53,110620.0,1.80493,0.0006,0.0001,5e-05,0.03033,5e-05,5e-05,5e-05,0.05084,5e-05
1761332419620,110616.61,110616.54,110614.97,110614.96,110614.8,110614.79,110614.58,110613.86,110613.85,110613.8,7.38639,0.0001,5e-05,0.14509,5e-05,0.20931,5e-05,5e-05,0.14509,5e-05,110616.62,110616.63,110616.7,110619.04,110619.05,110619.28,110619.3,110619.52,110619.53,110620.0,1.80498,0.0007,0.0001,5e-05,0.03033,5e-05,5e-05,5e-05,0.05084,5e-05
1761332419721,110616.61,110616.54,110614.97,110614.96,110614.8,110614.79,110614.58,110613.86,110613.85,110613.8,7.38639,0.0001,5e-05,0.14509,5e-05,0.20931,5e-05,5e-05,0.14509,5e-05,110616.62,110616.63,110616.7,110617.51,110619.04,110619.05,110619.28,110619.3,110619.52,110619.53,1.80575,0.0007,0.0001,0.08488,5e-05,0.03033,5e-05,5e-05,5e-05,0.05084
1761332419821,110616.61,110616.54,110614.97,110614.96,110614.8,110614.79,110614.58,110614.05,110613.86,110613.85,7.18981,0.0001,5e-05,0.0001,5e-05,0.20931,5e-05,0.14499,5e-05,0.0001,110616.62,110616.63,110616.7,110617.5,110617.51,110619.04,110619.05,110619.28,110619.3,110619.52,2.0849,0.0007,0.0001,0.05549,0.08513,5e-05,0.0002,5e-05,5e-05,5e-05
1761332419921,110616.61,110616.54,110614.8,110614.79,110614.58,110614.06,110614.05,110613.8,110612.68,110612.67,6.3164,0.0001,5e-05,0.14858,5e-05,5e-05,5e-05,5e-05,5e-05,0.00255,110616.62,110616.63,110616.7,110617.49,110617.5,110617.51,110619.28,110619.3,110619.52,110619.53,2.30604,0.0007,0.0001,5e-05,0.05579,0.08508,5e-05,5e-05,5e-05,0.05079
1761332420020,110616.61,110616.54,110614.8,110614.79,110614.58,110613.8,110612.67,110611.46,110611.14,110611.13,6.3164,0.0001,5e-05,0.01962,5e-05,5e-05,0.0025,5e-05,5e-05,0.05109,110616.62,110616.63,110616.7,110617.49,110617.5,110617.51,110617.89,110619.28,110619.3,110619.52,2.30697,0.0007,0.0001,5e-05,0.05579,0.08508,5e-05,5e-05,5e-05,5e-05
1761332420120,110616.61,110616.54,110614.8,110614.79,110614.58,110613.8,110612.67,110612.46,110611.46,110611.35,7.0868,0.0001,5e-05,0.01962,5e-05,5e-05,0.0025,0.14499,5e-05,0.14499,110616.62,110616.63,110616.7,110617.49,110617.5,110617.51,110617.89,110619.28,110619.3,110619.52,2.33984,0.0007,0.0001,5e-05,0.05579,0.08508,5e-05,5e-05,5e-05,5e-05
1761332420221,110616.61,110616.54,110614.8,110614.79,110614.58,110613.8,110612.67,110612.47,110611.46,110611.36,5.89929,0.0001,5e-05,0.10365,5e-05,5e-05,0.0025,5e-05,5e-05,5e-05,110616.62,110616.63,110616.7,110617.49,110617.5,110617.51,110617.89,110619.28,110619.3,110619.52,2.35096,0.0007,0.0001,5e-05,0.05579,0.08508,5e-05,5e-05,5e-05,5e-05
1761332420320,110616.61,110616.54,110614.8,110614.79,110614.58,110614.04,110613.8,110612.67,110611.46,110611.36,5.98226,0.0001,5e-05,0.06039,5e-05,0.04875,5e-05,0.0025,5e-05,5e-05,110616.62,110616.63,110616.7,110617.49,110617.5,110617.51,110617.89,110619.28,110619.3,110619.52,2.49592,0.0007,0.0001,5e-05,0.05579,0.08508,5e-05,5e-05,5e-05,5e-05
1761332420421,110616.61,110616.54,110614.8,110614.79,110614.58,110614.05,110614.04,110613.8,110612.67,110611.46,5.29369,0.0001,5e-05,0.06039,5e-05,5e-05,0.04885,5e-05,0.0025,5e-05,110616.62,110616.63,110616.7,110617.49,110617.5,110617.51,110617.89,110619.28,110619.3,110619.52,2.95929,0.00055,0.0001,5e-05,0.05579,0.08508,5e-05,5e-05,5e-05,5e-05
1761332420521,110616.61,110616.54,110614.8,110614.79,110614.58,110614.05,110614.04,110613.8,110612.67,110611.46,5.293,0.0001,5e-05,0.03423,5e-05,5e-05,0.04885,5e-05,0.0025,5e-05,110616.62,110616.63,110616.7,110617.49,110617.5,110617.51,110617.89,110619.28,110619.3,110619.52,3.0053,0.0006,0.0001,5e-05,0.05579,0.08508,5e-05,5e-05,5e-05,5e-05
1761332420621,110616.61,110616.54,110614.8,110614.79,110614.58,110614.05,110614.04,110613.8,110613.47,110612.67,5.293,0.0001,5e-05,0.03423,5e-05,5e-05,0.0001,5e-05,5e-05,0.0025,110616.62,110616.63,110616.7,110617.49,110617.5,110617.51,110617.89,110619.28,110619.3,110619.52,3.0053,0.0006,0.0001,5e-05,0.05579,0.08508,5e-05,5e-05,5e-05,5e-05
1761332420721,110616.61,110616.54,110614.8,110614.79,110614.58,110613.8,110613.47,110612.67,110611.46,110611.14,5.15745,0.0001,5e-05,0.01968,5e-05,5e-05,5e-05,0.0025,5e-05,5e-05,110616.62,110616.63,110616.7,110617.49,110617.5,110617.51,110617.89,110619.28,110619.3,110619.52,3.11114,0.0006,0.0001,5e-05,0.05579,0.08508,5e-05,5e-05,5e-05,5e-05
1761332420820,110616.61,110616.54,110614.8,110614.79,110614.58,110613.8,110613.47,110611.14,110611.13,110611.08,2.93039,0.0001,5e-05,0.01968,5e-05,5e-05,5e-05,5e-05,0.0001,5e-05,110616.62,110616.63,110616.7,110616.93,110617.49,110617.5,110617.51,110617.89,110619.28,110619.3,3.15121,0.0003,0.0001,0.08488,5e-05,0.05579,0.0002,5e-05,5e-05,5e-05
1761332420921,110616.61,110616.54,110614.8,110614.79,110614.58,110613.8,110613.47,110611.08,110611.07,110610.77,2.74733,0.0001,5e-05,5e-05,5e-05,5e-05,5e-05,5e-05,0.0115,5e-05,110616.62,110616.63,110616.7,110616.92,110616.93,110617.49,110617.5,110617.89,110619.28,110619.3,3.15126,0.0003,0.0001,0.0553,0.08518,5e-05,0.0002,5e-05,5e-05,5e-05
1761332421020,110616.61,110616.54,110614.58,110613.8,110613.47,110611.08,110611.07,110610.77,110610.76,110609.7,2.74738,0.0001,5e-05,5e-05,5e-05,5e-05,0.0115,5e-05,0.07693,5e-05,110616.62,110616.63,110616.7,110616.92,110616.93,110617.89,110619.28,110619.3,110619.52,110619.53,3.15126,0.0003,0.0001,0.0556,0.08508,5e-05,5e-05,5e-05,5e-05,0.05079
1761332421121,110616.61,110616.54,110613.8,110611.08,110611.07,110610.77,110610.76,110609.7,110609.4,110608.32,2.74738,0.0001,5e-05,5e-05,0.0115,5e-05,0.07693,5e-05,5e-05,5e-05,110616.62,110616.63,110616.7,110616.92,110616.93,110617.89,110619.28,110619.3,110619.52,110619.53,3.15126,0.0003,0.0001,0.0556,0.08508,5e-05,5e-05,5e-05,5e-05,0.05079
1761332421221,110616.61,110616.54,110613.8,110611.08,110611.07,110610.77,110610.76,110609.7,110609.4,110608.32,2.74739,0.0001,5e-05,5e-05,0.0115,5e-05,0.07693,5e-05,5e-05,5e-05,110616.62,110616.63,110616.7,110616.92,110616.93,110617.89,110619.28,110619.3,110619.52,110619.53,3.15126,0.0003,0.0001,0.0556,0.08508,5e-05,5e-05,5e-05,5e-05,0.05079
1761332421322,110616.61,110616.54,110613.8,110611.08,110611.07,110610.77,110610.76,110609.7,110609.4,110608.32,2.69267,0.0001,5e-05,5e-05,0.0115,5e-05,0.07693,5e-05,5e-05,5e-05,110616.62,110616.63,110616.7,110616.92,110616.93,110617.89,110619.28,110619.3,110619.52,110619.53,3.15126,0.0003,0.0001,0.0556,0.08508,5e-05,5e-05,5e-05,5e-05,0.05079
1761332421421,110616.61,110616.54,110613.8,110611.08,110611.07,110610.77,110610.76,110609.7,110609.4,110608.32,2.24046,0.0001,5e-05,5e-05,0.0115,5e-05,0.07693,5e-05,5e-05,5e-05,110616.62,110616.63,110616.7,110616.92,110616.93,110617.89,110619.28,110619.3,110619.52,110619.53,3.15121,0.0003,0.0001,0.0556,0.08508,5e-05,5e-05,5e-05,5e-05,0.05079
1761332421520,110616.61,110616.54,110613.8,110611.08,110611.07,110611.03,110610.77,110610.76,110609.7,110609.4,1.40771,0.0001,5e-05,5e-05,0.0115,0.11118,5e-05,0.07698,5e-05,5e-05,110616.62,110616.63,110616.7,110616.92,110616.93,110617.89,110619.28,110619.3,110619.52,110619.53,3.15053,0.0003,0.0001,0.0556,0.08508,5e-05,5e-05,5e-05,5e-05,0.05079
1761332421620,110616.61,110616.54,110613.8,110611.08,110611.07,110611.04,110611.03,110610.77,110610.76,110609.7,1.40758,0.0001,5e-05,5e-05,0.0115,5e-05,0.11128,5e-05,0.07698,5e-05,110616.62,110616.63,110616.7,110616.92,110616.93,110617.89,110619.28,110619.3,110619.52,110619.53,3.15053,0.0003,0.0001,0.0556,0.08508,5e-05,5e-05,5e-05,5e-05,0.05079
1761332421721,110616.61,110616.6,110616.54,110613.8,110611.08,110611.07,110611.04,110611.03,110610.77,110610.76,1.40785,0.00055,0.0001,5e-05,5e-05,0.0115,5e-05,0.11128,5e-05,0.07698,110616.62,110616.63,110616.7,110616.92,110616.93,110617.89,110619.28,110619.3,110619.52,110619.53,3.15053,0.0003,0.0001,0.0556,0.08508,5e-05,5e-05,5e-05,5e-05,0.05079
1761332421820,110616.61,110616.6,110616.54,110613.8,110611.08,110611.07,110611.04,110611.03,110610.77,110610.76,1.4079,0.0006,0.0001,5e-05,5e-05,0.0115,5e-05,0.11128,5e-05,0.07698,110616.62,110616.63,110616.7,110616.92,110616.93,110617.89,110619.28,110619.3,110619.52,110619.53,3.15053,0.0003,0.0001,0.0556,0.08508,5e-05,5e-05,5e-05,5e-05,0.05079
1761332421921,110616.61,110616.6,110616.54,110613.8,110611.08,110611.07,110611.04,110611.03,110610.77,110610.76,1.4074,0.0006,0.0001,5e-05,5e-05,0.0001,5e-05,0.11128,5e-05,0.07698,110616.62,110616.63,110616.7,110616.92,110616.93,110617.89,110619.28,110619.3,110619.52,110619.53,3.15053,0.0003,0.0001,0.0556,0.08508,5e-05,5e-05,5e-05,5e-05,0.05079
1761332422020,110616.61,110616.6,110616.54,110613.8,110611.04,110611.03,110610.77,110610.76,110609.7,110609.4,1.40755,0.00065,0.0001,5e-05,5e-05,0.11128,5e-05,0.07698,5e-05,5e-05,110616.62,110616.63,110616.7,110616.92,110616.93,110617.89,110619.28,110619.3,110619.52,110619.53,3.15053,0.0003,0.0001,0.0556,0.08508,5e-05,5e-05,5e-05,5e-05,0.05079
1761332422121,110616.61,110616.6,110616.54,110613.8,110611.07,110611.04,110611.03,110610.77,110610.76,110609.7,1.40745,0.00065,0.0001,5e-05,0.0114,5e-05,0.11128,5e-05,0.07698,5e-05,110616.62,110616.63,110616.7,110616.92,110616.93,110617.89,110619.28,110619.3,110619.52,110619.53,3.15034,0.0003,0.0001,0.0556,0.08508,5e-05,5e-05,5e-05,5e-05,0.05079
1761332422225,110616.61,110616.6,110616.54,110613.8,110611.08,110611.07,110611.04,110611.03,110610.77,110610.76,1.40745,0.00065,0.0001,5e-05,5e-05,0.0115,5e-05,0.11128,5e-05,0.07698,110616.62,110616.63,110616.7,110616.92,110616.93,110617.89,110619.28,110619.3,110619.52,110619.53,3.15034,0.0003,0.0001,0.0556,0.08508,5e-05,5e-05,5e-05,5e-05,0.05079
1761332422320,110616.61,110616.6,110616.54,110613.8,110611.08,110611.07,110611.04,110611.03,110610.77,110610.76,1.40745,0.00065,0.0001,5e-05,5e-05,0.0115,5e-05,0.11128,5e-05,0.07698,110616.62,110616.63,110616.7,110616.92,110616.93,110617.89,110619.28,110619.3,110619.52,110619.53,3.15034,0.0003,0.0001,0.0556,0.08508,5e-05,5e-05,5e-05,5e-05,0.05079
1761332422420,110616.61,110616.6,110616.54,110613.8,110611.08,110611.07,110611.04,110611.03,110610.77,110610.76,1.40745,0.00065,0.0001,5e-05,5e-05,0.0115,5e-05,0.11128,5e-05,0.07698,110616.62,110616.63,110616.7,110616.92,110616.93,110617.89,110619.28,110619.3,110619.52,110619.53,3.14984,0.0003,0.0001,0.0556,0.08508,5e-05,5e-05,5e-05,5e-05,0.05079
1761332422520,110616.61,110616.6,110616.54,110613.8,110611.08,110611.07,110611.04,110611.03,110610.77,110610.76,1.4074,0.00065,0.0001,5e-05,5e-05,0.0115,5e-05,0.11128,5e-05,0.07698,110616.62,110616.63,110616.7,110616.92,110616.93,110617.89,110619.28,110619.3,110619.52,110619.53,3.14984,0.0003,0.0001,0.0556,0.08508,5e-05,5e-05,5e-05,5e-05,0.05079
1761332422620,110616.61,110616.6,110616.54,110613.8,110611.08,110611.07,110611.04,110611.03,110610.77,110610.76,1.40745,0.00065,0.0001,5e-05,5e-05,0.0115,5e-05,0.11128,5e-05,0.07698,110616.62,110616.63,110616.7,110616.92,110616.93,110617.89,110619.28,110619.3,110619.52,110619.53,3.14984,0.0003,0.0001,0.0556,0.08508,5e-05,5e-05,5e-05,5e-05,0.05079
1761332422821,110616.61,110616.6,110616.54,110613.8,110611.08,110611.07,110611.04,110611.03,110610.77,110610.76,1.4074,0.00065,0.0001,5e-05,5e-05,0.0115,5e-05,0.11128,5e-05,0.07698,110616.62,110616.63,110616.7,110616.92,110616.93,110617.89,110619.28,110619.3,110619.52,110619.53,3.14758,0.0003,0.0001,0.0556,0.08508,5e-05,5e-05,5e-05,5e-05,0.05079
1761332422920,110616.61,110616.6,110616.54,110613.8,110611.08,110611.07,110611.04,110611.03,110610.77,110610.76,1.4074,0.00065,0.0001,5e-05,5e-05,0.0115,5e-05,0.11128,5e-05,0.07698,110616.62,110616.63,110616.7,110616.92,110616.93,110617.89,110619.28,110619.3,110619.52,110619.53,3.21928,0.0003,0.0001,0.0556,0.08508,5e-05,5e-05,5e-05,5e-05,0.05079
1761332423021,110616.61,110616.6,110616.54,110613.8,110611.08,110611.07,110611.04,110611.03,110610.77,110610.76,1.40717,0.00065,0.0001,5e-05,5e-05,0.0115,5e-05,0.11128,5e-05,0.07698,110616.62,110616.63,110616.7,110616.92,110616.93,110617.89,110619.28,110619.3,110619.52,110619.53,3.21915,0.0003,0.0001,0.0556,0.08508,5e-05,5e-05,5e-05,5e-05,0.05079
1761332423321,110616.61,110616.6,110616.54,110613.8,110611.08,110611.07,110611.04,110611.03,110610.77,110610.76,1.40717,0.00065,0.0001,5e-05,5e-05,0.0115,5e-05,0.11128,5e-05,0.07698,110616.62,110616.63,110616.7,110616.92,110616.93,110617.89,110619.28,110619.3,110619.52,110619.53,3.21915,0.0003,0.0001,0.0556,0.08508,5e-05,5e-05,5e-05,5e-05,0.05079
1761332423421,110616.61,110616.6,110616.54,110613.8,110611.08,110611.07,110611.04,110611.03,110610.77,110610.76,1.40717,0.00065,0.0001,5e-05,5e-05,0.0115,5e-05,0.11128,5e-05,0.07698,110616.62,110616.63,110616.7,110616.92,110616.93,110617.89,110619.28,110619.3,110619.52,110619.53,3.21915,0.0003,0.0001,0.0556,0.08508,5e-05,5e-05,5e-05,5e-05,0.05079
1761332423521,110616.61,110616.6,110616.54,110613.8,110611.08,110611.07,110611.04,110611.03,110610.77,110610.76,1.40717,0.00065,0.0001,5e-05,5e-05,0.0115,5e-05,0.11128,5e-05,0.07698,110616.62,110616.63,110616.7,110616.92,110616.93,110617.89,110619.28,110619.3,110619.52,110619.53,3.21915,0.0003,0.0001,0.0556,0.08508,5e-05,5e-05,5e-05,5e-05,0.05079
1761332423621,110616.61,110616.6,110616.54,110613.8,110611.08,110611.07,110611.04,110611.03,110610.77,110610.76,1.40717,0.00065,0.0001,5e-05,5e-05,0.0115,5e-05,0.11128,5e-05,0.07698,110616.62,110616.63,110616.7,110616.92,110616.93,110617.52,110617.89,110619.28,110619.3,110619.52,3.21915,0.0003,0.0001,0.0556,0.08508,0.01568,5e-05,5e-05,5e-05,5e-05
1761332423720,110616.61,110616.6,110616.54,110615.51,110613.85,110613.8,110612.19,110611.08,110611.07,110611.04,1.40717,0.00065,0.0001,0.00099,0.00199,5e-05,0.00362,5e-05,0.0115,5e-05,110616.62,110616.63,110616.7,110616.92,110616.93,110617.52,110617.89,110619.28,110619.3,110619.52,3.21915,0.0003,0.0001,0.0556,0.08508,0.01583,5e-05,5e-05,5e-05,5e-05
1761332423820,110616.61,110616.6,110616.54,110615.51,110615.49,110613.85,110613.8,110612.19,110611.08,110611.07,1.40936,0.0006,0.0001,0.00099,9e-05,0.00199,5e-05,0.00362,5e-05,0.0115,110616.62,110616.63,110616.7,110616.92,110616.93,110617.52,110617.89,110619.28,110619.3,110619.52,3.21915,0.0003,0.0001,0.0556,0.08508,0.01583,5e-05,5e-05,5e-05,5e-05
1761332423920,110616.61,110616.6,110616.54,110615.51,110615.49,110613.85,110613.8,110612.19,110611.08,110611.07,1.40936,0.0006,0.0001,0.00099,9e-05,0.00199,5e-05,0.00362,5e-05,0.0115,110616.62,110616.63,110616.7,110616.92,110616.93,110617.52,110617.89,110619.28,110619.3,110619.52,3.21915,0.0003,0.0001,0.0556,0.08508,0.01583,5e-05,5e-05,5e-05,5e-05
1761332424021,110616.61,110616.6,110616.54,110615.51,110615.49,110614.58,110613.85,110613.8,110612.19,110611.08,1.40936,0.0006,0.0001,0.00099,9e-05,5e-05,0.00199,5e-05,0.00362,5e-05,110616.62,110616.63,110616.7,110616.92,110616.93,110617.52,110617.89,110619.28,110619.3,110619.52,3.51915,0.0003,0.0001,0.0556,0.08508,0.01583,5e-05,5e-05,5e-05,5e-05
1761332424121,110616.61,110616.6,110616.54,110615.51,110615.49,110614.58,110613.85,110613.8,110612.19,110611.46,1.40936,0.0006,0.0001,0.00099,9e-05,5e-05,0.00199,5e-05,0.00362,5e-05,110616.62,110616.63,110616.7,110616.92,110616.93,110617.52,110617.89,110619.28,110619.3,110619.52,3.51843,0.0003,0.0001,0.0556,0.08508,0.01583,5e-05,5e-05,5e-05,5e-05
1761332424321,110616.61,110616.6,110616.54,110615.51,110615.49,110614.58,110613.85,110613.8,110612.19,110611.46,1.40936,0.0006,0.0001,0.00099,9e-05,5e-05,0.00199,5e-05,0.00362,5e-05,110616.62,110616.63,110616.7,110616.92,110616.93,110617.52,110617.89,110619.28,110619.3,110619.52,3.51843,0.0003,0.0001,0.0556,0.08508,0.01583,5e-05,5e-05,5e-05,5e-05
1761332424421,110616.61,110616.6,110616.54,110615.51,110615.49,110614.58,110613.85,110613.8,110612.19,110611.46,1.40936,0.0006,0.0001,0.00099,9e-05,5e-05,0.00199,5e-05,0.00362,5e-05,110616.62,110616.63,110616.7,110616.92,110616.93,110617.52,110617.89,110619.28,110619.3,110619.52,3.51843,0.0003,0.0001,0.0556,0.08508,0.01583,5e-05,5e-05,5e-05,5e-05
1761332424526,110616.61,110616.6,110616.54,110615.51,110615.49,110614.58,110613.85,110613.8,110612.19,110611.46,1.40936,0.0006,0.0001,0.00099,9e-05,5e-05,0.00199,5e-05,0.00362,5e-05,110616.62,110616.63,110616.7,110616.92,110616.93,110617.52,110617.89,110619.28,110619.3,110619.52,3.51843,0.0003,0.0001,0.0556,0.08508,0.01583,5e-05,5e-05,5e-05,5e-05
1761332424623,110616.61,110616.6,110616.54,110615.51,110615.49,110614.58,110613.85,110613.8,110613.47,110612.19,1.40936,0.0006,0.0001,0.00099,9e-05,5e-05,0.00199,5e-05,5e-05,0.00362,110616.62,110616.63,110616.7,110616.92,110616.93,110617.52,110617.89,110619.28,110619.3,110619.52,3.51843,0.0003,0.0001,0.0556,0.08508,0.01583,5e-05,5e-05,5e-05,5e-05
1761332424721,110616.61,110616.6,110616.54,110615.51,110615.49,110614.58,110613.85,110613.8,110613.47,110612.19,1.40936,0.0006,0.0001,0.00099,9e-05,5e-05,0.00199,5e-05,5e-05,0.00362,110616.62,110616.63,110616.7,110616.92,110616.93,110617.52,110617.89,110619.28,110619.3,110619.52,3.51843,0.0003,0.0001,0.0556,0.08508,0.01583,5e-05,5e-05,5e-05,5e-05
1761332424920,110616.61,110616.6,110616.54,110615.51,110615.49,110614.58,110613.85,110613.8,110613.47,110612.19,1.40936,0.0006,0.0001,0.00099,9e-05,5e-05,0.00199,5e-05,5e-05,0.00362,110616.62,110616.63,110616.7,110616.92,110616.93,110617.52,110617.89,110619.28,110619.3,110619.52,3.51843,0.0003,0.0001,0.0556,0.08508,0.01583,5e-05,5e-05,5e-05,5e-05
1761332425021,110616.61,110616.6,110616.54,110615.51,110615.49,110614.58,110613.85,110613.8,110613.47,110612.19,1.40936,0.0006,0.0001,0.00099,9e-05,5e-05,0.00199,5e-05,5e-05,0.00362,110616.62,110616.63,110616.7,110616.92,110616.93,110617.52,110617.89,110619.28,110619.3,110619.52,3.51843,0.0003,0.0001,0.0556,0.08508,0.01583,5e-05,5e-05,5e-05,5e-05
1761332425120,110616.61,110616.6,110616.54,110615.51,110615.49,110614.58,110613.85,110613.8,110613.47,110612.19,1.40936,0.0006,0.0001,0.00099,9e-05,5e-05,0.00199,5e-05,5e-05,0.00362,110616.62,110616.63,110616.7,110616.92,110616.93,110617.52,110617.89,110619.28,110619.3,110619.52,3.51843,0.0003,0.0001,0.0556,0.08508,0.01583,5e-05,5e-05,5e-05,5e-05
1761332425220,110616.61,110616.6,110616.54,110615.51,110615.49,110614.58,110613.85,110613.8,110613.47,110612.19,1.40936,0.0006,0.0001,0.00099,9e-05,5e-05,0.00199,5e-05,5e-05,0.00362,110616.62,110616.63,110616.7,110616.92,110616.93,110617.52,110617.89,110619.28,110619.3,110619.52,3.51843,0.0003,0.0001,0.0556,0.08508,0.01583,5e-05,5e-05,5e-05,5e-05
1761332425320,110616.61,110616.6,110616.54,110615.51,110615.49,110614.58,110613.85,110613.8,110613.47,110612.19,1.40936,0.0006,0.0001,0.00099,9e-05,5e-05,0.00199,5e-05,5e-05,0.00362,110616.62,110616.63,110616.7,110616.92,110616.93,110617.52,110617.89,110619.28,110619.3,110619.52,3.51848,0.00035,0.0001,0.0556,0.08508,0.01583,5e-05,5e-05,5e-05,5e-05
1761332425420,110616.61,110616.6,110616.54,110615.51,110615.49,110614.58,110613.85,110613.8,110613.47,110612.19,1.40926,0.0005,0.0001,0.00099,9e-05,5e-05,0.00199,5e-05,5e-05,0.00362,110616.62,110616.63,110616.7,110616.92,110616.93,110617.52,110617.89,110619.28,110619.3,110619.52,3.51853,0.00035,0.0001,0.0556,0.08508,0.01583,5e-05,5e-05,5e-05,5e-05
1761332425520,110616.61,110616.6,110616.54,110615.51,110615.49,110614.58,110613.85,110613.8,110613.47,110612.19,1.40911,0.00035,0.0001,0.00099,9e-05,5e-05,0.00199,5e-05,5e-05,0.00362,110616.62,110616.63,110616.7,110616.92,110616.93,110617.52,110617.89,110619.28,110619.3,110619.52,3.51873,0.0004,0.0001,0.0556,0.08508,0.01583,5e-05,5e-05,5e-05,5e-05
1761332425620,110616.61,110616.6,110616.54,110615.51,110615.49,110614.58,110613.85,110613.8,110613.47,110612.19,1.40911,0.00035,0.0001,0.00099,9e-05,5e-05,0.00199,5e-05,5e-05,0.00362,110616.62,110616.63,110616.7,110616.92,110616.93,110617.52,110617.89,110619.28,110619.3,110619.52,3.51873,0.0004,0.0001,0.0556,0.08508,0.01583,5e-05,5e-05,5e-05,5e-05
1761332425721,110616.61,110616.6,110616.54,110615.51,110615.49,110614.58,110613.85,110613.8,110613.47,110612.19,1.40929,0.00035,0.0001,0.00099,9e-05,5e-05,0.00199,5e-05,5e-05,0.00362,110616.62,110616.63,110616.7,110616.92,110616.93,110617.52,110617.89,110619.28,110619.3,110619.37,3.51848,0.00035,0.0001,0.0556,0.08508,0.01583,5e-05,5e-05,5e-05,8e-05
1761332425921,110616.61,110616.6,110616.54,110615.51,110615.49,110614.58,110613.85,110613.8,110613.47,110612.19,1.40929,0.00035,0.0001,0.00099,9e-05,5e-05,0.00199,5e-05,5e-05,0.00362,110616.62,110616.63,110616.7,110616.92,110616.93,110617.52,110617.89,110619.28,110619.3,110619.37,3.51848,0.00035,0.0001,0.0556,0.08508,0.01583,5e-05,5e-05,5e-05,8e-05
1761332426022,110616.61,110616.6,110616.54,110615.51,110615.49,110614.58,110613.85,110613.8,110613.47,110612.19,1.40783,0.00035,0.0001,0.00099,9e-05,5e-05,0.00199,5e-05,5e-05,0.00362,110616.62,110616.63,110616.7,110616.92,110616.93,110617.52,110617.89,110619.28,110619.3,110619.37,3.51836,0.00035,0.0001,0.0556,0.08508,0.01583,5e-05,5e-05,5e-05,8e-05
1761332426223,110616.61,110616.6,110616.54,110615.51,110615.49,110614.58,110613.85,110613.8,110613.47,110612.19,1.4038,0.00035,0.0001,0.00099,9e-05,5e-05,0.00199,5e-05,5e-05,0.00362,110616.62,110616.63,110616.7,110616.92,110616.93,110617.52,110617.89,110619.28,110619.3,110619.37,3.51836,0.00035,0.0001,0.0556,0.08508,0.01583,5e-05,5e-05,5e-05,8e-05
1761332426320,110616.61,110616.6,110616.54,110615.51,110615.49,110614.58,110613.85,110613.8,110613.47,110612.19,1.4038,0.00035,0.0001,0.00099,9e-05,5e-05,0.00199,5e-05,5e-05,0.00362,110616.62,110616.63,110616.7,110616.92,110616.93,110617.52,110617.89,110619.28,110619.3,110619.37,3.51836,0.00035,0.0001,0.0556,0.08508,0.01583,5e-05,5e-05,5e-05,8e-05
1761332426421,110616.61,110616.6,110616.54,110615.51,110615.49,110614.58,110613.85,110613.8,110613.47,110612.19,1.4038,0.00035,0.0001,0.00099,9e-05,5e-05,0.00199,5e-05,5e-05,0.00362,110616.62,110616.63,110616.7,110616.92,110616.93,110617.52,110617.89,110619.28,110619.3,110619.37,3.51836,0.00035,0.0001,0.0556,0.08508,0.01583,5e-05,5e-05,5e-05,8e-05
1761332426520,110616.61,110616.6,110616.54,110615.51,110615.49,110614.58,110613.85,110613.8,110613.47,110612.19,1.4038,0.00035,0.0001,0.00099,9e-05,5e-05,0.00199,5e-05,5e-05,0.00362,110616.62,110616.63,110616.7,110616.92,110616.93,110617.52,110617.89,110619.28,110619.3,110619.37,3.51836,0.00035,0.0001,0.0556,0.08508,0.01583,5e-05,5e-05,5e-05,8e-05
1761332426621,110616.61,110616.6,110616.54,110615.51,110615.49,110614.58,110613.85,110613.8,110613.47,110612.19,1.4038,0.00035,0.0001,0.00099,9e-05,5e-05,0.00199,5e-05,5e-05,0.00362,110616.62,110616.63,110616.7,110616.92,110616.93,110617.52,110617.89,110619.28,110619.3,110619.37,3.51836,0.00035,0.0001,0.0556,0.08508,0.01583,5e-05,5e-05,5e-05,8e-05
1761332426721,110616.61,110616.6,110616.54,110615.51,110615.49,110614.58,110613.85,110613.8,110613.47,110612.19,1.4038,0.00035,0.0001,0.00099,9e-05,5e-05,0.00199,5e-05,5e-05,0.00362,110616.62,110616.63,110616.7,110616.92,110616.93,110617.52,110617.89,110619.28,110619.3,110619.37,3.51827,0.00035,0.0001,0.0556,0.08508,0.01583,5e-05,5e-05,5e-05,8e-05
1761332426821,110616.61,110616.6,110616.54,110615.51,110615.49,110614.58,110613.85,110613.8,110613.47,110612.19,1.4038,0.00035,0.0001,0.00099,9e-05,5e-05,0.00199,5e-05,5e-05,0.00362,110616.62,110616.63,110616.7,110616.92,110616.93,110617.52,110617.89,110619.28,110619.3,110619.37,3.51827,0.00035,0.0001,0.0556,0.08508,0.01583,5e-05,5e-05,5e-05,8e-05
1761332426921,110616.61,110616.6,110616.54,110615.51,110615.49,110614.58,110613.85,110613.8,110613.47,110612.19,2.25953,0.00035,0.0001,0.00099,9e-05,5e-05,0.00199,5e-05,5e-05,0.00362,110616.62,110616.63,110616.7,110616.92,110616.93,110617.52,110617.89,110619.28,110619.3,110619.37,3.51847,0.00035,0.0001,0.0556,0.08508,0.01583,5e-05,5e-05,5e-05,8e-05
1761332427021,110616.61,110616.6,110616.54,110615.51,110615.49,110614.58,110613.85,110613.8,110613.47,110612.87,2.25958,0.0004,0.0001,0.00099,9e-05,5e-05,0.00199,5e-05,5e-05,0.04875,110616.62,110616.63,110616.7,110616.92,110616.93,110617.52,110617.89,110619.28,110619.3,110619.37,3.51847,0.00035,0.0001,0.0556,0.08508,0.01583,5e-05,5e-05,5e-05,8e-05
1761332427121,110616.61,110616.6,110616.54,110615.51,110615.49,110614.58,110613.85,110613.8,110613.47,110612.88,2.37159,0.0004,0.0001,0.00099,9e-05,5e-05,0.00199,5e-05,5e-05,0.01913,110616.62,110616.63,110616.7,110616.92,110616.93,110617.52,110617.89,110619.28,110619.3,110619.37,3.20285,0.00035,0.0001,0.0556,0.08508,0.01583,5e-05,5e-05,5e-05,8e-05
1761332427221,110616.61,110616.6,110616.54,110615.51,110615.49,110614.58,110613.85,110613.8,110613.47,110612.89,2.37154,0.00035,0.0001,0.00099,9e-05,5e-05,0.00199,5e-05,5e-05,5e-05,110616.62,110616.63,110616.7,110616.92,110616.93,110617.52,110617.89,110619.28,110619.3,110619.37,3.51785,0.00035,0.0001,0.0556,0.08508,0.01583,5e-05,5e-05,5e-05,8e-05
1761332427321,110616.61,110616.6,110616.54,110615.51,110615.49,110614.58,110613.85,110613.8,110613.47,110612.89,2.37154,0.00035,0.0001,0.00099,9e-05,5e-05,0.00199,5e-05,5e-05,5e-05,110616.62,110616.63,110616.7,110616.92,110616.93,110617.52,110617.89,110619.28,110619.3,110619.37,3.51842,0.00035,0.0001,0.0556,0.08508,0.01583,5e-05,5e-05,5e-05,8e-05
1761332427424,110616.61,110616.6,110616.54,110615.51,110615.49,110614.58,110613.85,110613.8,110613.47,110612.89,2.37154,0.00035,0.0001,0.00099,9e-05,5e-05,0.00199,5e-05,5e-05,5e-05,110616.62,110616.63,110616.7,110616.92,110616.93,110617.52,110617.89,110618.1,110619.28,110619.3,3.20342,0.00035,0.0001,0.0556,0.08508,0.00015,5e-05,0.01568,5e-05,5e-05
1761332427521,110616.61,110616.6,110616.54,110615.51,110615.49,110614.58,110613.85,110613.8,110613.47,110612.89,2.37154,0.00035,0.0001,0.00099,9e-05,5e-05,0.00199,5e-05,5e-05,5e-05,110616.62,110616.63,110616.7,110616.92,110616.93,110617.89,110618.1,110618.13,110619.28,110619.3,3.19454,0.00035,0.0001,0.0556,0.08508,5e-05,0.00015,0.01568,5e-05,5e-05
1761332427621,110616.61,110616.6,110616.54,110615.51,110615.49,110614.58,110613.85,110613.8,110613.47,110612.89,2.37154,0.00035,0.0001,0.00099,9e-05,5e-05,0.00199,5e-05,5e-05,5e-05,110616.62,110616.63,110616.7,110616.92,110616.93,110617.89,110618.13,110619.28,110619.3,110619.37,3.19521,0.00035,0.0001,0.0556,0.08508,5e-05,0.01583,5e-05,5e-05,8e-05
1761332427721,110616.61,110616.6,110616.54,110615.51,110615.49,110614.58,110614.17,110613.85,110613.8,110613.47,2.90632,0.0003,0.0001,0.00099,9e-05,5e-05,0.29829,0.00199,5e-05,5e-05,110616.62,110616.63,110616.7,110616.91,110616.92,110616.93,110617.89,110618.12,110618.13,110619.28,3.15475,0.00035,0.0001,5e-05,0.05565,0.08508,5e-05,5e-05,0.00015,5e-05
1761332427821,110616.61,110616.6,110616.54,110615.51,110615.49,110614.58,110614.18,110614.17,110613.85,110613.8,3.33522,0.0003,0.0001,0.00099,9e-05,5e-05,0.09508,0.29839,0.00199,5e-05,110616.62,110616.63,110616.7,110616.91,110616.92,110616.93,110617.89,110619.17,110619.28,110619.3,2.99787,0.00035,0.0001,5e-05,0.05565,0.08508,5e-05,5e-05,5e-05,5e-05
1761332427921,110616.61,110616.6,110616.54,110615.51,110615.49,110614.58,110614.19,110614.18,110614.17,110613.85,3.4832,0.00025,0.0001,0.00099,9e-05,5e-05,5e-05,0.09518,0.29839,0.00199,110616.62,110616.63,110616.7,110616.91,110616.92,110616.93,110617.89,110619.28,110619.3,110619.37,2.99719,0.00035,0.0001,5e-05,0.05565,0.08508,5e-05,5e-05,5e-05,8e-05
1761332428020,110616.61,110616.6,110616.54,110615.51,110615.49,110614.58,110614.19,110614.18,110614.17,110613.85,3.6275,0.00025,0.0001,0.00099,9e-05,5e-05,5e-05,0.09518,0.29839,0.00199,110616.62,110616.63,110616.7,110616.91,110616.92,110616.93,110617.89,110619.28,110619.3,110619.37,2.86074,0.0004,0.0001,5e-05,0.05565,0.08508,5e-05,5e-05,5e-05,8e-05
1761332428122,110616.61,110616.6,110616.54,110615.51,110615.49,110615.26,110614.58,110614.19,110614.18,110614.17,3.67521,0.0003,0.0001,0.00099,9e-05,0.147,5e-05,5e-05,0.09518,0.29839,110616.62,110616.63,110616.7,110616.91,110616.92,110616.93,110617.89,110619.28,110619.3,110619.37,2.86074,0.0004,0.0001,5e-05,0.05565,0.08508,5e-05,5e-05,5e-05,8e-05
1761332428227,110616.61,110616.6,110616.54,110615.51,110615.49,110615.27,110615.26,110614.58,110614.19,110614.18,3.67526,0.00025,0.0001,0.00099,9e-05,0.15416,0.1471,5e-05,5e-05,0.00015,110616.62,110616.63,110616.7,110616.91,110616.92,110616.93,110617.89,110619.28,110619.3,110619.37,2.86069,0.00035,0.0001,5e-05,0.05565,0.08508,5e-05,5e-05,5e-05,8e-05
1761332428322,110616.61,110616.6,110616.54,110615.51,110615.49,110615.28,110615.27,110615.26,110614.58,110614.18,3.81101,0.0003,0.0001,0.00099,9e-05,5e-05,0.15426,0.147,5e-05,5e-05,110616.62,110616.63,110616.7,110616.91,110616.92,110616.93,110617.89,110619.28,110619.3,110619.37,2.86069,0.00035,0.0001,5e-05,0.05565,0.08508,5e-05,5e-05,5e-05,8e-05
1761332428422,110616.61,110616.6,110616.54,110615.51,110615.49,110615.28,110615.27,110615.26,110614.58,110614.18,3.81101,0.0003,0.0001,0.00099,9e-05,5e-05,0.15426,0.147,5e-05,5e-05,110616.62,110616.63,110616.7,110616.91,110616.92,110616.93,110617.89,110619.28,110619.3,110619.37,2.86069,0.00035,0.0001,5e-05,0.05565,0.08508,5e-05,5e-05,5e-05,8e-05
1761332428521,110616.61,110616.6,110616.54,110615.51,110615.49,110615.28,110615.27,110615.26,110614.58,110614.18,3.81101,0.0003,0.0001,0.00099,9e-05,5e-05,0.15426,0.147,5e-05,5e-05,110616.62,110616.63,110616.7,110616.91,110616.92,110616.93,110617.89,110619.28,110619.3,110619.37,2.86069,0.00035,0.0001,5e-05,0.05565,0.08508,5e-05,5e-05,5e-05,8e-05
1761332428621,110616.61,110616.6,110616.54,110615.51,110615.49,110615.28,110615.27,110615.26,110614.58,110614.18,4.53401,0.0003,0.0001,0.00099,9e-05,5e-05,0.15426,0.147,5e-05,5e-05,110616.62,110616.63,110616.7,110616.91,110616.92,110616.93,110617.89,110619.28,110619.3,110619.37,2.85017,0.00035,0.0001,5e-05,0.05565,0.08508,5e-05,5e-05,5e-05,8e-05
1761332428721,110616.61,110616.6,110616.54,110615.51,110615.49,110615.28,110615.27,110615.26,110614.58,110614.18,4.53401,0.0003,0.0001,0.00099,9e-05,5e-05,0.15426,0.147,5e-05,5e-05,110616.62,110616.63,110616.7,110616.91,110616.92,110616.93,110617.89,110619.28,110619.3,110619.37,2.85017,0.00035,0.0001,5e-05,0.05565,0.08508,5e-05,5e-05,5e-05,8e-05
1761332428821,110616.61,110616.6,110616.54,110615.51,110615.49,110615.28,110615.27,110615.26,110614.58,110614.18,4.53376,0.0003,0.0001,0.00099,9e-05,5e-05,0.15426,0.1471,5e-05,5e-05,110616.62,110616.63,110616.7,110616.91,110616.92,110616.93,110617.72,110617.89,110619.28,110619.3,2.83985,0.00035,0.0001,5e-05,0.05565,0.08508,0.00099,5e-05,5e-05,5e-05
1761332428921,110616.61,110616.6,110616.54,110615.51,110615.5,110615.49,110615.28,110615.27,110615.26,110614.58,4.62456,0.0003,0.0001,0.00099,0.14699,9e-05,5e-05,0.15426,0.1471,5e-05,110616.62,110616.63,110616.7,110616.91,110616.92,110616.93,110617.72,110617.89,110619.06,110619.28,2.68532,0.00045,0.0001,5e-05,0.05565,0.0002,0.00104,5e-05,0.08488,5e-05
1761332429021,110616.61,110616.6,110616.54,110615.51,110615.5,110615.49,110615.28,110615.27,110615.26,110614.58,4.62461,0.00035,0.0001,0.00104,0.14709,9e-05,5e-05,0.15426,0.1471,5e-05,110616.62,110616.63,110616.7,110616.91,110616.92,110617.72,110617.89,110619.05,110619.06,110619.28,2.68398,0.00035,0.0001,5e-05,0.0556,0.00109,5e-05,5e-05,0.08503,5e-05
1761332429121,110616.61,110616.6,110616.54,110615.51,110615.5,110615.49,110615.28,110615.27,110615.26,110614.58,4.62461,0.00035,0.0001,0.00104,0.14709,9e-05,5e-05,0.15426,0.1471,5e-05,110616.62,110616.63,110616.7,110616.91,110616.92,110617.72,110617.89,110619.05,110619.06,110619.28,2.68393,0.00035,0.0001,5e-05,0.0556,0.00109,5e-05,5e-05,0.08503,5e-05
