ts,bid1,bid2,bid3,bid4,bid5,bid6,bid7,bid8,bid9,bid10,bid1_qty,bid2_qty,bid3_qty,bid4_qty,bid5_qty,bid6_qty,bid7_qty,bid8_qty,bid9_qty,bid10_qty,ask1,ask2,ask3,ask4,ask5,ask6,ask7,ask8,ask9,ask10,ask1_qty,ask2_qty,ask3_qty,ask4_qty,ask5_qty,ask6_qty,ask7_qty,ask8_qty,ask9_qty,ask10_qty
1761260711342,109891.58,109891.57,109891.51,109890.49,109890.44,109890.34,109890.33,109890.32,109890.0,109889.82,5.22101,5e-05,0.0001,0.001,5e-05,0.0001,0.15786,0.3003,5e-05,5e-05,109891.59,109891.6,109891.67,109891.93,109891.94,109892.68,109893.1,109893.3,109893.44,109893.45,1.98191,0.00085,0.0001,0.0003,0.03163,0.00105,5e-05,6e-05,0.0001,0.00743
1761260711443,109891.58,109891.57,109891.51,109890.49,109890.44,109890.34,109890.33,109890.32,109890.0,109889.82,5.22061,5e-05,0.0001,0.001,5e-05,0.0001,0.15786,0.3003,5e-05,5e-05,109891.59,109891.6,109891.67,109891.93,109891.94,109892.68,109893.1,109893.3,109893.44,109893.45,1.98191,0.00085,0.0001,0.0003,0.03163,0.00105,5e-05,6e-05,0.0001,0.00743
1761260711543,109891.58,109891.57,109891.51,109890.49,109890.44,109890.34,109890.33,109890.32,109890.0,109889.82,5.24791,5e-05,0.0001,0.001,5e-05,0.0001,0.15786,0.3003,5e-05,5e-05,109891.59,109891.6,109891.67,109891.93,109891.94,109892.68,109893.1,109893.3,109893.44,109893.45,1.98191,0.00085,0.0001,0.0003,0.03163,0.00105,5e-05,6e-05,0.0001,0.00743
1761260711643,109891.58,109891.57,109891.51,109890.49,109890.44,109890.34,109890.33,109890.32,109890.0,109889.82,5.24791,5e-05,0.0001,0.001,5e-05,0.0001,0.15786,0.3003,5e-05,5e-05,109891.59,109891.6,109891.67,109891.93,109891.94,109892.68,109893.1,109893.3,109893.44,109893.45,1.98196,0.0009,0.0001,0.0003,0.03163,0.00105,5e-05,6e-05,0.0001,0.00743
1761260711742,109891.58,109891.57,109891.51,109890.49,109890.44,109890.34,109890.33,109890.32,109890.0,109889.82,5.24791,5e-05,0.0001,0.001,5e-05,0.0001,0.15786,0.3003,5e-05,5e-05,109891.59,109891.6,109891.67,109891.93,109891.94,109892.68,109893.1,109893.3,109893.44,109893.45,1.98196,0.0009,0.0001,0.0003,0.03163,0.00105,5e-05,6e-05,0.0001,0.00743
1761260711842,109891.58,109891.57,109891.51,109890.49,109890.44,109890.34,109890.33,109890.32,109890.0,109889.82,5.24791,5e-05,0.0001,0.001,5e-05,0.0001,0.15786,0.3003,5e-05,5e-05,109891.59,109891.6,109891.67,109891.93,109891.94,109892.68,109893.1,109893.3,109893.44,109893.45,1.98196,0.0009,0.0001,0.0003,0.03163,0.00105,5e-05,6e-05,0.0001,0.00743
1761260711942,109891.58,109891.57,109891.51,109890.49,109890.44,109890.34,109890.33,109890.32,109890.0,109889.82,5.24791,5e-05,0.0001,0.001,5e-05,0.0001,0.15786,0.3003,5e-05,5e-05,109891.59,109891.6,109891.67,109891.93,109891.94,109892.68,109893.1,109893.3,109893.44,109893.45,1.98196,0.0009,0.0001,0.0003,0.03163,0.00105,5e-05,6e-05,0.0001,0.00743
1761260712042,109891.58,109891.57,109891.51,109890.49,109890.44,109890.34,109890.33,109890.32,109890.0,109889.82,5.24791,5e-05,0.0001,0.001,5e-05,0.0001,0.15786,0.3003,5e-05,5e-05,109891.59,109891.6,109891.67,109891.93,109891.94,109892.68,109893.1,109893.3,109893.44,109893.45,1.98196,0.0009,0.0001,0.0003,0.03163,0.00105,5e-05,6e-05,0.0001,0.00743
1761260712143,109891.58,109891.57,109891.51,109890.49,109890.44,109890.34,109890.33,109890.32,109890.0,109889.82,5.24791,5e-05,0.0001,0.001,5e-05,0.0001,0.15786,0.3003,5e-05,5e-05,109891.59,109891.6,109891.67,109891.93,109891.94,109892.68,109893.1,109893.3,109893.44,109893.45,1.98196,0.0009,0.0001,0.0003,0.03163,0.00105,5e-05,6e-05,0.0001,0.00743
1761260712242,109891.58,109891.57,109891.51,109890.49,109890.44,109890.34,109890.33,109890.32,109890.0,109889.82,5.24791,5e-05,0.0001,0.001,5e-05,0.0001,0.15786,0.3003,5e-05,5e-05,109891.59,109891.6,109891.67,109891.93,109891.94,109892.68,109893.1,109893.3,109893.44,109893.45,1.98196,0.0009,0.0001,0.0003,0.03163,0.00105,5e-05,6e-05,0.0001,0.00743
1761260712442,109891.58,109891.57,109891.51,109890.49,109890.44,109890.34,109890.33,109890.32,109890.0,109889.82,5.24791,5e-05,0.0001,0.001,5e-05,0.0001,0.15786,0.3003,5e-05,5e-05,109891.59,109891.6,109891.67,109891.93,109891.94,109892.68,109893.1,109893.3,109893.44,109893.45,1.98196,0.0009,0.0001,0.0003,0.03163,0.00105,5e-05,6e-05,0.0001,0.00743
1761260712543,109891.58,109891.57,109891.51,109890.49,109890.44,109890.34,109890.33,109890.32,109890.0,109889.82,5.24791,5e-05,0.0001,0.001,5e-05,0.0001,0.15786,0.3003,5e-05,5e-05,109891.59,109891.6,109891.67,109891.93,109891.94,109892.68,109893.1,109893.3,109893.44,109893.45,1.98196,0.0009,0.0001,0.0003,0.03163,0.00105,5e-05,6e-05,0.0001,0.00743
1761260712643,109891.58,109891.57,109891.51,109890.49,109890.44,109890.34,109890.33,109890.32,109890.0,109889.82,5.24791,5e-05,0.0001,0.001,5e-05,0.0001,0.15786,0.3003,5e-05,5e-05,109891.59,109891.6,109891.67,109891.93,109891.94,109892.68,109893.1,109893.3,109893.44,109893.45,1.98196,0.0009,0.0001,0.0003,0.03163,0.00105,5e-05,6e-05,0.0001,0.00743
1761260712743,109891.58,109891.57,109891.51,109890.49,109890.44,109890.34,109890.33,109890.32,109890.0,109889.82,5.24791,5e-05,0.0001,0.001,5e-05,0.0001,0.15786,0.3003,5e-05,5e-05,109891.59,109891.6,109891.67,109891.93,109891.94,109892.68,109893.1,109893.3,109893.44,109893.45,1.98196,0.0009,0.0001,0.0003,0.03163,0.00105,5e-05,6e-05,0.0001,0.00743
1761260712843,109891.58,109891.57,109891.51,109890.49,109890.44,109890.34,109890.33,109890.32,109890.0,109889.82,5.24791,5e-05,0.0001,0.001,5e-05,0.0001,0.15786,0.3003,5e-05,5e-05,109891.59,109891.6,109891.67,109891.93,109891.94,109892.68,109893.1,109893.3,109893.44,109893.45,1.98196,0.0009,0.0001,0.0003,0.03163,0.00105,5e-05,6e-05,0.0001,0.00743
1761260712942,109891.58,109891.57,109891.51,109890.49,109890.44,109890.34,109890.33,109890.32,109890.0,109889.82,5.2527,5e-05,0.0001,0.001,5e-05,0.0001,0.15786,0.3003,5e-05,5e-05,109891.59,109891.6,109891.67,109891.93,109891.94,109892.68,109893.1,109893.3,109893.44,109893.45,1.98196,0.0009,0.0001,0.0003,0.03163,0.00105,5e-05,6e-05,0.0001,0.00743
1761260713043,109891.58,109891.57,109891.51,109890.49,109890.44,109890.34,109890.33,109890.32,109890.0,109889.82,5.25311,5e-05,0.0001,0.001,5e-05,0.0001,0.15786,0.3003,5e-05,5e-05,109891.59,109891.6,109891.67,109891.93,109891.94,109892.68,109893.1,109893.3,109893.44,109893.45,1.98196,0.0009,0.0001,0.0003,0.03163,0.00105,5e-05,6e-05,0.0001,0.00743
1761260713143,109891.58,109891.57,109891.51,109890.49,109890.44,109890.34,109890.33,109890.32,109890.0,109889.82,5.284,5e-05,0.0001,0.001,5e-05,0.0001,0.15786,0.3003,5e-05,5e-05,109891.59,109891.6,109891.67,109891.93,109891.94,109892.68,109893.1,109893.3,109893.44,109893.45,1.98196,0.0009,0.0001,0.0003,0.03163,0.00105,5e-05,6e-05,0.0001,0.00743
1761260713243,109891.58,109891.57,109891.51,109890.49,109890.44,109890.34,109890.33,109890.32,109890.0,109889.82,5.28395,5e-05,0.0001,0.001,5e-05,0.0001,0.15786,0.3003,5e-05,5e-05,109891.59,109891.6,109891.67,109891.93,109891.94,109892.68,109893.1,109893.3,109893.44,109893.45,1.97715,0.0009,0.0001,0.0003,0.03163,0.00105,5e-05,6e-05,0.0001,0.00743
1761260713342,109891.58,109891.57,109891.51,109890.49,109890.44,109890.34,109890.33,109890.32,109890.0,109889.82,5.2839,5e-05,0.0001,0.001,5e-05,0.0001,0.15786,0.3003,5e-05,5e-05,109891.59,109891.6,109891.67,109891.93,109891.94,109892.68,109893.1,109893.3,109893.44,109893.45,1.97715,0.0009,0.0001,0.0003,0.03163,0.00105,5e-05,6e-05,0.0001,0.00743
1761260713543,109891.58,109891.57,109891.51,109890.49,109890.44,109890.34,109890.33,109890.32,109890.0,109889.82,5.01097,5e-05,0.0001,0.001,5e-05,0.0001,0.15786,0.3003,5e-05,5e-05,109891.59,109891.6,109891.67,109891.93,109891.94,109892.68,109893.1,109893.3,109893.44,109893.45,1.97624,0.0009,0.0001,0.0003,0.03163,0.00105,5e-05,6e-05,0.0001,0.00743
1761260713642,109891.58,109891.57,109891.51,109890.49,109890.44,109890.34,109890.33,109890.32,109890.0,109889.82,5.01097,5e-05,0.0001,0.001,5e-05,0.0001,0.15786,0.3003,5e-05,5e-05,109891.59,109891.6,109891.67,109891.93,109891.94,109892.68,109893.1,109893.3,109893.44,109893.45,1.97624,0.0009,0.0001,0.0003,0.03163,0.00105,5e-05,6e-05,0.0001,0.00743
1761260713743,109891.58,109891.57,109891.51,109890.49,109890.44,109890.34,109890.33,109890.32,109890.0,109889.82,5.01097,5e-05,0.0001,0.001,5e-05,0.0001,0.15786,0.3003,5e-05,5e-05,109891.59,109891.6,109891.67,109891.93,109891.94,109892.68,109893.1,109893.3,109893.44,109893.45,1.97624,0.0009,0.0001,0.0003,0.03163,0.00105,5e-05,6e-05,0.0001,0.00743
1761260713842,109891.58,109891.57,109891.51,109890.49,109890.44,109890.34,109890.33,109890.32,109890.0,109889.82,5.01097,5e-05,0.0001,0.001,5e-05,0.0001,0.15786,0.3003,5e-05,5e-05,109891.59,109891.6,109891.67,109891.93,109891.94,109892.68,109893.1,109893.3,109893.44,109893.45,1.97612,0.0009,0.0001,0.0003,0.03163,0.00105,5e-05,6e-05,0.0001,0.00743
1761260713943,109891.58,109891.57,109891.51,109890.49,109890.44,109890.34,109890.33,109890.32,109890.0,109889.82,5.01068,5e-05,0.0001,0.001,5e-05,0.0001,0.15786,0.3003,5e-05,5e-05,109891.59,109891.6,109891.67,109891.93,109891.94,109892.68,109893.1,109893.3,109893.44,109893.45,1.97612,0.0009,0.0001,0.0003,0.03163,0.00105,5e-05,6e-05,0.0001,0.00743
1761260714043,109891.58,109891.57,109891.51,109890.49,109890.44,109890.34,109890.33,109890.32,109890.0,109889.82,5.01068,5e-05,0.0001,0.001,5e-05,0.0001,0.15786,0.3003,5e-05,5e-05,109891.59,109891.6,109891.67,109891.93,109891.94,109892.68,109893.1,109893.3,109893.44,109893.45,1.97612,0.0009,0.0001,0.0003,0.03163,0.00105,5e-05,6e-05,0.0001,0.00743
1761260714143,109891.58,109891.57,109891.51,109890.49,109890.44,109890.34,109890.33,109890.32,109890.0,109889.82,5.01073,5e-05,0.0001,0.001,5e-05,0.0001,0.15786,0.3003,5e-05,5e-05,109891.59,109891.6,109891.67,109891.93,109891.94,109892.68,109893.1,109893.3,109893.44,109893.45,1.97607,0.00085,0.0001,0.0003,0.03163,0.00105,5e-05,6e-05,0.0001,0.00743
1761260714243,109891.58,109891.57,109891.51,109890.49,109890.44,109890.34,109890.33,109890.32,109890.0,109889.82,5.01085,5e-05,0.0001,0.001,5e-05,0.0001,0.15786,0.3003,5e-05,5e-05,109891.59,109891.6,109891.67,109891.93,109891.94,109892.68,109893.1,109893.3,109893.44,109893.45,1.97607,0.00085,0.0001,0.0003,0.03163,0.00105,5e-05,6e-05,0.0001,0.00743
1761260714343,109891.58,109891.57,109891.51,109890.49,109890.44,109890.34,109890.33,109890.32,109890.0,109889.82,5.01085,5e-05,0.0001,0.001,5e-05,0.0001,0.15786,0.3003,5e-05,5e-05,109891.59,109891.6,109891.67,109891.93,109891.94,109892.68,109893.1,109893.3,109893.44,109893.45,1.97607,0.00085,0.0001,0.0003,0.03163,0.00105,5e-05,6e-05,0.0001,0.00743
1761260714443,109891.58,109891.57,109891.51,109890.49,109890.44,109890.34,109890.33,109890.32,109890.0,109889.82,5.01042,5e-05,0.0001,0.001,5e-05,0.0001,0.14533,0.3003,5e-05,5e-05,109891.59,109891.6,109891.67,109891.93,109891.94,109892.68,109893.1,109893.3,109893.44,109893.45,1.97607,0.00085,0.0001,0.0003,0.03163,0.00105,5e-05,6e-05,0.0001,0.00743
1761260714543,109891.58,109891.57,109891.51,109890.49,109890.44,109890.34,109890.33,109890.32,109890.0,109889.82,5.01042,5e-05,0.0001,0.001,5e-05,0.0001,0.14533,0.3003,5e-05,5e-05,109891.59,109891.6,109891.67,109891.93,109891.94,109892.68,109893.1,109893.3,109893.44,109893.45,1.97607,0.00085,0.0001,0.0003,0.03163,0.00105,5e-05,6e-05,0.0001,0.00743
1761260714643,109891.58,109891.57,109891.51,109890.49,109890.44,109890.34,109890.33,109890.32,109890.0,109889.82,5.01042,5e-05,0.0001,0.001,5e-05,0.0001,0.14533,0.3003,5e-05,5e-05,109891.59,109891.6,109891.67,109891.93,109891.94,109892.68,109893.1,109893.3,109893.44,109893.45,1.97607,0.00085,0.0001,0.0003,0.03163,0.00105,5e-05,6e-05,0.0001,0.00743
1761260714742,109891.58,109891.57,109891.51,109890.49,109890.44,109890.34,109890.33,109890.32,109890.0,109889.82,5.01852,5e-05,0.0001,0.001,5e-05,0.0001,0.14533,0.3003,5e-05,5e-05,109891.59,109891.6,109891.67,109891.93,109891.94,109892.68,109893.1,109893.3,109893.44,109893.45,1.97607,0.00085,0.0001,0.0003,0.03163,0.00105,5e-05,6e-05,0.0001,0.00743
1761260714842,109891.58,109891.57,109891.51,109890.49,109890.44,109890.34,109890.33,109890.32,109890.0,109889.82,5.01713,5e-05,0.0001,0.001,5e-05,0.0001,0.14533,0.3003,5e-05,5e-05,109891.59,109891.6,109891.67,109891.93,109891.94,109892.68,109893.1,109893.3,109893.44,109893.45,1.97607,0.00085,0.0001,0.0003,0.03163,0.00105,5e-05,6e-05,0.0001,0.00743
1761260714943,109891.58,109891.57,109891.51,109890.49,109890.44,109890.34,109890.33,109890.32,109890.0,109889.82,5.01713,5e-05,0.0001,0.001,5e-05,0.0001,0.14533,0.3003,5e-05,5e-05,109891.59,109891.6,109891.67,109891.93,109891.94,109892.68,109893.1,109893.3,109893.44,109893.45,1.97607,0.00085,0.0001,0.0003,0.03163,0.00105,5e-05,6e-05,0.0001,0.00743
1761260715043,109891.58,109891.57,109891.51,109890.49,109890.44,109890.34,109890.33,109890.32,109890.0,109889.82,5.01546,5e-05,0.0001,0.001,5e-05,0.0001,0.14533,0.3003,5e-05,5e-05,109891.59,109891.6,109891.67,109891.93,109891.94,109892.68,109893.1,109893.3,109893.44,109893.45,1.97607,0.00085,0.0001,0.0003,0.03163,0.00105,5e-05,6e-05,0.0001,0.00743
1761260715142,109891.58,109891.57,109891.51,109890.49,109890.44,109890.34,109890.33,109890.32,109890.0,109889.82,5.01546,5e-05,0.0001,0.001,5e-05,0.0001,0.14533,0.3003,5e-05,5e-05,109891.59,109891.6,109891.67,109891.93,109891.94,109892.68,109893.1,109893.3,109893.44,109893.45,1.97607,0.00085,0.0001,0.0003,0.03163,0.00105,5e-05,6e-05,0.0001,0.00743
1761260715243,109891.58,109891.57,109891.51,109890.49,109890.44,109890.34,109890.33,109890.32,109890.0,109889.82,5.01546,5e-05,0.0001,0.001,5e-05,0.0001,0.14533,0.3003,5e-05,5e-05,109891.59,109891.6,109891.67,109891.93,109891.94,109892.68,109893.1,109893.3,109893.44,109893.45,1.97607,0.00085,0.0001,0.0003,0.03163,0.00105,5e-05,6e-05,0.0001,0.00743
1761260715343,109891.58,109891.57,109891.51,109890.49,109890.44,109890.34,109890.33,109890.32,109890.0,109889.82,5.01546,5e-05,0.0001,0.001,5e-05,0.0001,0.14533,0.3003,5e-05,5e-05,109891.59,109891.6,109891.67,109891.93,109891.94,109892.68,109893.1,109893.3,109893.44,109893.45,1.97602,0.00085,0.0001,0.0003,0.03163,0.00105,5e-05,6e-05,0.0001,0.00743
1761260715442,109891.58,109891.57,109891.51,109890.49,109890.44,109890.34,109890.33,109890.32,109890.0,109889.82,4.60597,5e-05,0.0001,0.001,5e-05,0.0001,0.14533,0.3003,5e-05,5e-05,109891.59,109891.6,109891.67,109891.93,109891.94,109892.68,109893.1,109893.3,109893.44,109893.45,1.97602,0.00085,0.0001,0.0003,0.03163,0.00105,5e-05,6e-05,0.0001,0.00743
1761260715543,109891.58,109891.57,109891.51,109890.49,109890.44,109890.34,109890.33,109890.32,109890.0,109889.82,4.60597,5e-05,0.0001,0.001,5e-05,0.0001,0.14533,0.3003,5e-05,5e-05,109891.59,109891.6,109891.67,109891.93,109891.94,109892.68,109893.1,109893.3,109893.44,109893.45,1.97602,0.00085,0.0001,0.0003,0.03163,0.00105,5e-05,6e-05,0.0001,0.00743
1761260715642,109891.58,109891.57,109891.51,109890.49,109890.44,109890.34,109890.33,109890.32,109890.0,109889.82,4.60597,5e-05,0.0001,0.001,5e-05,0.0001,0.14533,0.3003,5e-05,5e-05,109891.59,109891.6,109891.67,109891.93,109891.94,109892.68,109893.1,109893.3,109893.44,109893.45,1.97602,0.00085,0.0001,0.0003,0.03163,0.00105,5e-05,6e-05,0.0001,0.00743
1761260715743,109891.58,109891.57,109891.51,109890.49,109890.44,109890.34,109890.33,109890.32,109890.0,109889.82,4.60597,5e-05,0.0001,0.001,5e-05,0.0001,0.14533,0.3003,5e-05,5e-05,109891.59,109891.6,109891.67,109891.93,109891.94,109892.68,109893.1,109893.3,109893.44,109893.45,1.97602,0.00085,0.0001,0.0003,0.03163,0.00105,5e-05,6e-05,0.0001,0.00743
1761260715843,109891.58,109891.57,109891.51,109890.49,109890.44,109890.34,109890.33,109890.32,109890.0,109889.82,4.60597,5e-05,0.0001,0.001,5e-05,0.0001,0.14533,0.3003,5e-05,5e-05,109891.59,109891.6,109891.67,109891.93,109891.94,109892.68,109893.1,109893.3,109893.44,109893.45,1.97602,0.00085,0.0001,0.0003,0.03163,0.00105,5e-05,6e-05,0.0001,0.00743
1761260715942,109891.58,109891.57,109891.51,109890.49,109890.44,109890.34,109890.33,109890.32,109890.0,109889.82,4.60597,5e-05,0.0001,0.001,5e-05,0.0001,0.14533,0.3003,5e-05,5e-05,109891.59,109891.6,109891.67,109891.93,109891.94,109892.68,109893.1,109893.3,109893.44,109893.45,1.97602,0.00085,0.0001,0.0003,0.03163,0.00105,5e-05,6e-05,0.0001,0.00743
1761260716043,109891.58,109891.57,109891.51,109890.49,109890.44,109890.34,109890.33,109890.32,109890.0,109889.82,4.60597,5e-05,0.0001,0.001,5e-05,0.0001,0.14533,0.3003,5e-05,5e-05,109891.59,109891.6,109891.67,109891.93,109891.94,109892.68,109893.1,109893.3,109893.44,109893.45,1.97602,0.00085,0.0001,0.0003,0.03163,0.00105,5e-05,6e-05,0.0001,0.00743
1761260716142,109891.58,109891.57,109891.51,109890.49,109890.44,109890.34,109890.33,109890.32,109890.0,109889.82,4.60597,5e-05,0.0001,0.001,5e-05,0.0001,0.14533,0.3003,5e-05,5e-05,109891.59,109891.6,109891.67,109891.93,109891.94,109892.68,109893.1,109893.3,109893.44,109893.45,1.97602,0.00085,0.0001,0.0003,0.03163,0.00105,5e-05,6e-05,0.0001,0.00743
1761260716242,109891.58,109891.57,109891.51,109890.49,109890.44,109890.34,109890.33,109890.32,109890.0,109889.82,4.60597,5e-05,0.0001,0.001,5e-05,0.0001,0.14533,0.3003,5e-05,5e-05,109891.59,109891.6,109891.67,109891.93,109891.94,109892.68,109893.1,109893.3,109893.44,109893.45,1.97602,0.00085,0.0001,0.0003,0.03163,0.00105,5e-05,6e-05,0.0001,0.00743
1761260716342,109891.58,109891.57,109891.51,109890.49,109890.44,109890.34,109890.33,109890.32,109890.0,109889.82,4.60597,5e-05,0.0001,0.001,5e-05,0.0001,0.14533,0.3003,5e-05,5e-05,109891.59,109891.6,109891.67,109891.93,109891.94,109892.68,109893.1,109893.3,109893.44,109893.45,1.97602,0.00085,0.0001,0.0003,0.03163,0.00105,5e-05,6e-05,0.0001,0.00743
1761260716442,109891.58,109891.57,109891.51,109890.49,109890.44,109890.34,109890.33,109890.32,109890.0,109889.82,4.52884,5e-05,0.0001,0.001,5e-05,0.0001,0.14533,0.3003,5e-05,5e-05,109891.59,109891.6,109891.67,109891.93,109891.94,109892.68,109893.1,109893.3,109893.44,109893.45,1.97602,0.00085,0.0001,0.0003,0.03163,0.00105,5e-05,6e-05,0.0001,0.00743
1761260716542,109891.58,109891.57,109891.51,109890.49,109890.44,109890.34,109890.33,109890.32,109890.0,109889.82,4.52884,5e-05,0.0001,0.001,5e-05,0.0001,0.14533,0.3003,5e-05,5e-05,109891.59,109891.6,109891.67,109891.93,109891.94,109892.68,109893.1,109893.3,109893.44,109893.45,1.97602,0.00085,0.0001,0.0003,0.03163,0.00105,5e-05,6e-05,0.0001,0.00743
1761260716643,109891.58,109891.57,109891.51,109890.49,109890.44,109890.34,109890.33,109890.32,109890.0,109889.82,4.52884,5e-05,0.0001,0.001,5e-05,0.0001,0.14533,0.3003,5e-05,5e-05,109891.59,109891.6,109891.67,109891.93,109891.94,109892.68,109893.1,109893.3,109893.44,109893.45,1.97602,0.00085,0.0001,0.0003,0.03163,0.00105,5e-05,6e-05,0.0001,0.00743
1761260716743,109891.58,109891.57,109891.51,109890.49,109890.44,109890.34,109890.33,109890.32,109890.0,109889.82,3.4509,5e-05,0.0001,0.001,5e-05,0.0001,0.14533,0.3003,5e-05,5e-05,109891.59,109891.6,109891.67,109891.93,109891.94,109892.68,109893.1,109893.3,109893.44,109893.45,2.41312,0.00085,0.0001,0.0003,0.03163,0.00105,5e-05,6e-05,0.0001,0.00743
1761260716842,109891.58,109891.57,109891.51,109890.49,109890.44,109890.34,109890.33,109890.32,109890.0,109889.82,3.45124,5e-05,0.0001,0.001,5e-05,0.0001,0.14533,0.3003,5e-05,5e-05,109891.59,109891.6,109891.67,109891.93,109891.94,109892.68,109893.1,109893.3,109893.44,109893.45,2.41312,0.00085,0.0001,0.0003,0.03163,0.00105,5e-05,6e-05,0.0001,0.00743
1761260716942,109891.58,109891.57,109891.51,109890.49,109890.44,109890.34,109890.33,109890.32,109890.0,109889.82,3.45124,5e-05,0.0001,0.001,5e-05,0.0001,0.14533,0.3003,5e-05,5e-05,109891.59,109891.6,109891.67,109891.93,109891.94,109892.68,109893.1,109893.3,109893.44,109893.45,2.41312,0.00085,0.0001,0.0003,0.03163,0.00105,5e-05,6e-05,0.0001,0.00743
1761260717043,109891.58,109891.57,109891.51,109890.49,109890.44,109890.34,109890.33,109890.32,109890.0,109889.82,3.45124,5e-05,0.0001,0.001,5e-05,0.0001,0.14533,0.3003,5e-05,5e-05,109891.59,109891.6,109891.67,109891.93,109891.94,109892.68,109893.1,109893.3,109893.44,109893.45,2.41312,0.00085,0.0001,0.0003,0.03163,0.00105,5e-05,6e-05,0.0001,0.00743
1761260717142,109891.58,109891.57,109891.51,109890.49,109890.44,109890.34,109890.33,109890.32,109890.0,109889.82,3.45124,5e-05,0.0001,0.001,5e-05,0.0001,0.14533,0.3003,5e-05,5e-05,109891.59,109891.6,109891.67,109891.93,109891.94,109892.68,109893.1,109893.3,109893.44,109893.45,2.09812,0.00085,0.0001,0.0003,0.03163,0.00105,5e-05,6e-05,0.0001,0.00743
1761260717242,109891.58,109891.57,109891.51,109890.49,109890.44,109890.34,109890.33,109890.32,109890.0,109889.82,3.45124,5e-05,0.0001,0.001,5e-05,0.0001,0.14533,0.3003,5e-05,5e-05,109891.59,109891.6,109891.67,109891.93,109891.94,109892.68,109893.1,109893.3,109893.44,109893.45,1.97602,0.00085,0.0001,0.0003,0.03163,0.00105,5e-05,6e-05,0.0001,0.00743
1761260717342,109891.58,109891.57,109891.51,109890.49,109890.44,109890.34,109890.33,109890.32,109890.0,109889.82,3.45124,5e-05,0.0001,0.001,5e-05,0.0001,0.14533,0.3003,5e-05,5e-05,109891.59,109891.6,109891.67,109891.93,109891.94,109892.68,109893.1,109893.3,109893.44,109893.45,1.97602,0.00085,0.0001,0.0003,0.03163,0.00105,5e-05,6e-05,0.0001,0.00743
1761260717444,109891.58,109891.57,109891.51,109890.49,109890.44,109890.34,109890.33,109890.32,109890.0,109889.82,3.45124,5e-05,0.0001,0.001,5e-05,0.0001,0.14533,0.3003,5e-05,5e-05,109891.59,109891.6,109891.67,109891.93,109891.94,109892.68,109893.1,109893.3,109893.44,109893.45,2.41312,0.00085,0.0001,0.0003,0.03163,0.00105,5e-05,6e-05,0.0001,0.00743
1761260717542,109891.58,109891.57,109891.51,109890.49,109890.44,109890.34,109890.33,109890.32,109890.0,109889.82,3.45124,5e-05,0.0001,0.001,5e-05,0.0001,0.14533,0.3003,5e-05,5e-05,109891.59,109891.6,109891.67,109891.93,109891.94,109892.68,109893.1,109893.3,109893.44,109893.45,2.41312,0.00085,0.0001,0.0003,0.03163,0.00105,5e-05,6e-05,0.0001,0.00743
1761260717642,109891.58,109891.57,109891.51,109890.49,109890.44,109890.34,109890.33,109890.32,109890.0,109889.82,3.45124,5e-05,0.0001,0.001,5e-05,0.0001,0.14533,0.3003,5e-05,5e-05,109891.59,109891.6,109891.67,109891.93,109891.94,109892.68,109893.1,109893.3,109893.44,109893.45,2.41312,0.00085,0.0001,0.0003,0.03163,0.00105,5e-05,6e-05,0.0001,0.00743
1761260717742,109891.58,109891.57,109891.51,109890.49,109890.44,109890.34,109890.33,109890.32,109890.0,109889.82,3.45124,5e-05,0.0001,0.001,5e-05,0.0001,0.14533,0.3003,5e-05,5e-05,109891.59,109891.6,109891.67,109891.93,109891.94,109892.68,109893.1,109893.3,109893.44,109893.45,2.41312,0.00085,0.0001,0.0003,0.03163,0.00105,5e-05,6e-05,0.0001,0.00743
1761260717943,109891.58,109891.57,109891.51,109890.49,109890.44,109890.34,109890.33,109890.32,109890.0,109889.82,3.45124,5e-05,0.0001,0.001,5e-05,0.0001,0.14533,0.3003,5e-05,5e-05,109891.59,109891.6,109891.67,109891.93,109891.94,109892.68,109893.1,109893.3,109893.44,109893.45,2.41312,0.00085,0.0001,0.0003,0.03163,0.00105,5e-05,6e-05,0.0001,0.00743
1761260718044,109891.58,109891.57,109891.51,109890.49,109890.44,109890.34,109890.33,109890.32,109890.0,109889.82,3.38169,5e-05,0.0001,0.001,5e-05,0.0001,0.14533,0.3003,5e-05,5e-05,109891.59,109891.6,109891.67,109891.93,109891.94,109892.68,109893.1,109893.3,109893.44,109893.45,1.89728,0.00085,0.0001,0.0003,0.03163,0.00105,5e-05,6e-05,0.0001,0.00743
1761260718143,109891.58,109891.57,109891.51,109890.49,109890.44,109890.34,109890.33,109890.32,109890.0,109889.82,3.057,5e-05,0.0001,0.001,5e-05,0.0001,0.14533,0.3003,5e-05,5e-05,109891.59,109891.6,109891.67,109891.93,109891.94,109892.68,109893.1,109893.3,109893.44,109893.45,1.82608,0.00085,0.0001,0.0003,0.03163,0.00105,5e-05,6e-05,0.0001,0.00743
1761260718242,109891.58,109891.57,109891.51,109890.49,109890.44,109890.34,109890.33,109890.32,109890.0,109889.82,3.057,5e-05,0.0001,0.001,5e-05,0.0001,0.14533,0.3003,5e-05,5e-05,109891.59,109891.6,109891.67,109891.93,109891.94,109892.68,109893.1,109893.3,109893.44,109893.45,1.94818,0.00085,0.0001,0.0003,0.03163,0.00105,5e-05,6e-05,0.0001,0.00743
1761260718343,109891.58,109891.57,109891.51,109890.49,109890.44,109890.34,109890.33,109890.32,109890.0,109889.82,3.05728,0.01012,0.0001,0.001,5e-05,0.0001,0.14533,0.3003,5e-05,5e-05,109891.59,109891.6,109891.67,109891.93,109891.94,109892.68,109893.1,109893.3,109893.44,109893.45,1.94818,0.00085,0.0001,0.0003,0.03163,0.00105,5e-05,6e-05,0.0001,0.00743
1761260718442,109891.58,109891.57,109891.51,109890.49,109890.44,109890.34,109890.33,109890.32,109890.0,109889.82,3.53999,0.01017,0.0001,0.001,5e-05,0.0001,0.14533,0.3003,5e-05,5e-05,109891.59,109891.6,109891.67,109891.93,109891.94,109892.68,109893.1,109893.3,109893.44,109893.45,1.94818,0.00085,0.0001,0.0003,0.03163,0.00105,5e-05,6e-05,0.0001,0.00743
1761260718542,109891.58,109891.57,109891.51,109890.49,109890.44,109890.34,109890.33,109890.32,109890.0,109889.82,3.53999,0.01017,0.0001,0.001,5e-05,0.0001,0.14533,0.3003,5e-05,5e-05,109891.59,109891.6,109891.67,109891.93,109891.94,109892.68,109893.1,109893.3,109893.44,109893.45,1.94818,0.00085,0.0001,0.0003,0.03163,0.00105,5e-05,6e-05,0.0001,0.00743
1761260718642,109891.58,109891.57,109891.51,109890.49,109890.44,109890.34,109890.33,109890.32,109890.0,109889.82,3.53937,0.01017,0.0001,0.001,5e-05,0.0001,0.14533,0.3003,5e-05,5e-05,109891.59,109891.6,109891.67,109891.93,109891.94,109892.68,109893.1,109893.3,109893.44,109893.45,1.94818,0.00085,0.0001,0.0003,0.03163,0.00105,5e-05,6e-05,0.0001,0.00743
1761260718743,109891.58,109891.57,109891.51,109890.49,109890.44,109890.34,109890.33,109890.32,109890.0,109889.82,3.53908,0.01017,0.0001,0.001,5e-05,0.0001,0.14533,0.3003,5e-05,5e-05,109891.59,109891.6,109891.67,109891.93,109891.94,109892.68,109893.1,109893.3,109893.44,109893.45,1.94818,0.00085,0.0001,0.0003,0.03163,0.00105,5e-05,6e-05,0.0001,0.00743
1761260718944,109891.58,109891.57,109891.51,109890.49,109890.44,109890.34,109890.33,109890.32,109890.0,109889.82,3.53908,0.01017,0.0001,0.001,5e-05,0.0001,0.14533,0.3003,5e-05,5e-05,109891.59,109891.6,109891.67,109891.93,109891.94,109892.68,109893.1,109893.3,109893.44,109893.45,1.94818,0.00085,0.0001,0.0003,0.03163,0.00105,5e-05,6e-05,0.0001,0.00743
1761260719042,109891.58,109891.57,109891.51,109890.49,109890.44,109890.34,109890.33,109890.32,109890.0,109889.82,3.53908,0.01017,0.0001,0.001,5e-05,0.0001,0.14533,0.3003,5e-05,5e-05,109891.59,109891.6,109891.67,109891.93,109891.94,109892.68,109893.1,109893.3,109893.44,109893.45,2.26318,0.00085,0.0001,0.0003,0.03163,0.00105,5e-05,6e-05,0.0001,0.00743
1761260719142,109891.58,109891.57,109891.51,109890.49,109890.44,109890.34,109890.33,109890.32,109890.0,109889.82,3.53908,0.01017,0.0001,0.001,5e-05,0.0001,0.14533,0.3003,5e-05,5e-05,109891.59,109891.6,109891.67,109891.93,109891.94,109892.68,109893.1,109893.3,109893.44,109893.45,2.26318,0.00085,0.0001,0.0003,0.03163,0.00105,5e-05,6e-05,0.0001,0.00743
1761260719243,109891.58,109891.57,109891.51,109890.49,109890.44,109890.34,109890.33,109890.32,109890.0,109889.82,3.53908,0.01017,0.0001,0.001,5e-05,0.0001,0.14533,0.3003,5e-05,5e-05,109891.59,109891.6,109891.67,109891.93,109891.94,109892.68,109893.1,109893.3,109893.44,109893.45,2.26318,0.00085,0.0001,0.0003,0.03163,0.00105,5e-05,6e-05,0.0001,0.00743
1761260719342,109891.58,109891.57,109891.51,109890.49,109890.44,109890.34,109890.33,109890.32,109890.0,109889.82,3.53908,0.01017,0.0001,0.001,5e-05,0.0001,0.14533,0.3003,5e-05,5e-05,109891.59,109891.6,109891.67,109891.93,109891.94,109892.68,109893.1,109893.3,109893.44,109893.45,2.26318,0.00085,0.0001,0.0003,0.03163,0.00105,5e-05,6e-05,0.0001,0.00743
1761260719442,109891.58,109891.57,109891.51,109890.49,109890.44,109890.34,109890.33,109890.32,109890.0,109889.82,3.53908,0.01017,0.0001,0.001,5e-05,0.0001,0.14533,0.3003,5e-05,5e-05,109891.59,109891.6,109891.67,109891.93,109891.94,109892.68,109893.1,109893.3,109893.44,109893.45,2.26318,0.00085,0.0001,0.0003,0.03163,0.00105,5e-05,6e-05,0.0001,0.00743
1761260719542,109891.58,109891.57,109891.51,109890.49,109890.44,109890.34,109890.33,109890.32,109890.0,109889.82,3.53908,0.01017,0.0001,0.001,5e-05,0.0001,0.14533,0.3003,5e-05,5e-05,109891.59,109891.6,109891.67,109891.93,109891.94,109892.68,109893.1,109893.3,109893.44,109893.45,2.26318,0.00085,0.0001,0.0003,0.03163,0.00105,5e-05,6e-05,0.0001,0.00743
1761260719642,109891.58,109891.57,109891.51,109890.49,109890.44,109890.34,109890.33,109890.32,109890.0,109889.82,3.53908,0.01017,0.0001,0.001,5e-05,0.0001,0.14533,0.3003,5e-05,5e-05,109891.59,109891.6,109891.67,109891.93,109891.94,109892.68,109893.1,109893.3,109893.44,109893.45,2.26318,0.00085,0.0001,0.0003,0.03163,0.00105,5e-05,6e-05,0.0001,0.00743
1761260719743,109891.58,109891.57,109891.51,109890.49,109890.44,109890.34,109890.33,109890.32,109890.0,109889.82,3.53908,0.01017,0.0001,0.001,5e-05,0.0001,0.14533,0.3003,5e-05,5e-05,109891.59,109891.6,109891.67,109891.93,109891.94,109892.68,109893.1,109893.3,109893.44,109893.45,1.94818,0.00085,0.0001,0.0003,0.03163,0.00105,5e-05,6e-05,0.0001,0.00743
1761260719842,109891.58,109891.57,109891.51,109890.49,109890.44,109890.34,109890.33,109890.32,109890.0,109889.82,3.53908,0.01017,0.0001,0.001,5e-05,0.0001,0.14533,0.3003,5e-05,5e-05,109891.59,109891.6,109891.67,109891.93,109891.94,109892.68,109893.1,109893.3,109893.44,109893.45,1.94818,0.00085,0.0001,0.0003,0.03163,0.00105,5e-05,6e-05,0.0001,0.00743
1761260719942,109891.58,109891.57,109891.51,109890.49,109890.44,109890.34,109890.33,109890.32,109890.0,109889.82,3.53931,0.01017,0.0001,0.001,5e-05,0.0001,0.14533,0.3003,5e-05,5e-05,109891.59,109891.6,109891.67,109891.93,109891.94,109892.68,109893.1,109893.3,109893.44,109893.45,1.94818,0.00085,0.0001,0.0003,0.03163,0.00105,5e-05,6e-05,0.0001,0.00743
1761260720043,109891.58,109891.57,109891.51,109890.49,109890.44,109890.34,109890.33,109890.32,109890.0,109889.82,3.58865,0.01017,0.0001,0.001,5e-05,0.0001,0.14533,0.3003,5e-05,5e-05,109891.59,109891.6,109891.67,109891.93,109891.94,109892.68,109893.1,109893.3,109893.44,109893.45,1.99933,0.00085,0.0001,0.0003,0.03163,0.00105,5e-05,6e-05,0.0001,0.00743
1761260720143,109891.58,109891.57,109891.51,109890.49,109890.44,109890.34,109890.33,109890.32,109890.0,109889.82,3.58865,0.01017,0.0001,0.001,5e-05,0.0001,0.14533,0.3003,5e-05,5e-05,109891.59,109891.6,109891.67,109891.93,109891.94,109892.68,109893.1,109893.3,109893.44,109893.45,1.99933,0.00085,0.0001,0.0003,0.03163,0.00105,5e-05,6e-05,0.0001,0.00743
1761260720243,109891.58,109891.57,109891.51,109890.49,109890.44,109890.34,109890.33,109890.32,109890.0,109889.82,3.58865,0.01017,0.0001,0.001,5e-05,0.0001,0.14533,0.3003,5e-05,5e-05,109891.59,109891.6,109891.67,109891.93,109891.94,109892.68,109893.1,109893.3,109893.44,109893.45,1.99933,0.00085,0.0001,0.0003,0.03163,0.00105,5e-05,6e-05,0.0001,0.00743
1761260720343,109891.58,109891.57,109891.51,109890.49,109890.44,109890.34,109890.33,109890.32,109890.0,109889.82,3.58865,0.01017,0.0001,0.001,5e-05,0.0001,0.14533,0.3003,5e-05,5e-05,109891.59,109891.6,109891.67,109891.93,109891.94,109892.68,109893.1,109893.3,109893.44,109893.45,1.99933,0.00085,0.0001,0.0003,0.03163,0.00105,5e-05,6e-05,0.0001,0.00743
1761260720442,109891.58,109891.57,109891.51,109890.49,109890.44,109890.34,109890.33,109890.32,109890.0,109889.82,4.59764,0.01017,0.0001,0.001,5e-05,0.0001,0.14533,0.3003,5e-05,5e-05,109891.59,109891.6,109891.67,109891.93,109891.94,109892.68,109893.1,109893.3,109893.44,109893.45,2.31428,0.0008,0.0001,0.0003,0.03163,0.00105,5e-05,6e-05,0.0001,0.00743
1761260720542,109891.58,109891.57,109891.51,109890.49,109890.44,109890.34,109890.33,109890.32,109890.0,109889.82,4.59764,0.01017,0.0001,0.001,5e-05,0.0001,0.14533,0.3003,5e-05,5e-05,109891.59,109891.6,109891.67,109891.93,109891.94,109892.68,109893.1,109893.3,109893.44,109893.45,2.31428,0.0008,0.0001,0.0003,0.03163,0.00105,5e-05,6e-05,0.0001,0.00743
1761260720642,109891.58,109891.57,109891.51,109890.49,109890.44,109890.34,109890.33,109890.32,109890.0,109889.82,3.51811,0.01017,0.0001,0.001,5e-05,0.0001,0.14533,0.3003,5e-05,5e-05,109891.59,109891.6,109891.67,109891.93,109891.94,109892.68,109893.1,109893.3,109893.44,109893.45,2.31421,0.0008,0.0001,0.0003,0.03163,0.00105,5e-05,6e-05,0.0001,0.00743
1761260720743,109891.58,109891.57,109891.51,109890.49,109890.44,109890.34,109890.33,109890.32,109890.0,109889.82,3.51928,0.01017,0.0001,0.001,5e-05,0.0001,0.14533,0.3003,5e-05,5e-05,109891.59,109891.6,109891.67,109891.93,109891.94,109892.68,109893.1,109893.3,109893.44,109893.45,2.31421,0.0008,0.0001,0.0003,0.03163,0.00105,5e-05,6e-05,0.0001,0.00743
1761260720843,109891.58,109891.57,109891.51,109890.49,109890.44,109890.34,109890.33,109890.32,109890.0,109889.82,3.51928,0.01017,0.0001,0.001,5e-05,0.0001,0.14533,0.3003,5e-05,5e-05,109891.59,109891.6,109891.67,109891.93,109891.94,109892.68,109893.1,109893.3,109893.44,109893.45,2.31421,0.0008,0.0001,0.0003,0.03163,0.00105,5e-05,6e-05,0.0001,0.00743
1761260720942,109891.58,109891.57,109891.51,109890.49,109890.44,109890.34,109890.33,109890.32,109890.0,109889.82,3.51928,0.01017,0.0001,0.001,5e-05,0.0001,0.14533,0.3003,5e-05,5e-05,109891.59,109891.6,109891.67,109891.93,109891.94,109892.68,109893.1,109893.3,109893.44,109893.45,2.31421,0.0008,0.0001,0.0003,0.03163,0.00105,5e-05,6e-05,0.0001,0.00743
1761260721042,109891.58,109891.57,109891.51,109890.49,109890.44,109890.34,109890.33,109890.32,109890.0,109889.82,3.51928,0.01017,0.0001,0.001,5e-05,0.0001,0.14533,0.3003,5e-05,5e-05,109891.59,109891.6,109891.67,109891.93,109891.94,109892.68,109893.1,109893.3,109893.44,109893.45,2.31421,0.0008,0.0001,0.0003,0.03163,0.00105,5e-05,6e-05,0.0001,0.00743
1761260721142,109891.58,109891.57,109891.51,109890.49,109890.44,109890.34,109890.33,109890.32,109890.0,109889.82,3.51928,0.01017,0.0001,0.001,5e-05,0.0001,0.14533,0.3003,5e-05,5e-05,109891.59,109891.6,109891.67,109891.93,109891.94,109892.68,109893.1,109893.3,109893.44,109893.45,2.31421,0.0008,0.0001,0.0003,0.03163,0.00105,5e-05,6e-05,0.0001,0.00743
1761260721243,109891.58,109891.57,109891.51,109890.49,109890.44,109890.34,109890.33,109890.32,109890.0,109889.82,3.51928,0.01017,0.0001,0.001,5e-05,0.0001,0.14533,0.3003,5e-05,5e-05,109891.59,109891.6,109891.67,109891.93,109891.94,109892.68,109893.1,109893.3,109893.44,109893.45,1.99921,0.0008,0.0001,0.0003,0.03163,0.00105,5e-05,6e-05,0.0001,0.00743
1761260721343,109891.58,109891.57,109891.51,109890.49,109890.44,109890.34,109890.33,109890.32,109890.0,109889.82,3.51928,0.01017,0.0001,0.001,5e-05,0.0001,0.14533,0.3003,5e-05,5e-05,109891.59,109891.6,109891.67,109891.93,109891.94,109892.68,109893.1,109893.3,109893.44,109893.45,1.99921,0.0008,0.0001,0.0003,0.03163,0.00105,5e-05,6e-05,0.0001,0.00743
1761260721442,109891.58,109891.57,109891.51,109890.49,109890.44,109890.34,109890.33,109890.32,109890.0,109889.82,3.51928,0.01017,0.0001,0.001,5e-05,0.0001,0.14533,0.3003,5e-05,5e-05,109891.59,109891.6,109891.67,109891.93,109891.94,109892.68,109893.1,109893.3,109893.44,109893.45,1.99921,0.0008,0.0001,0.0003,0.03163,0.00105,5e-05,6e-05,0.0001,0.00743
1761260721542,109891.58,109891.57,109891.51,109890.49,109890.44,109890.34,109890.33,109890.32,109890.0,109889.82,3.51918,0.01017,0.0001,0.001,5e-05,0.0001,0.14533,0.3003,5e-05,5e-05,109891.59,109891.6,109891.67,109891.93,109891.94,109892.68,109893.1,109893.3,109893.44,109893.45,1.99921,0.0008,0.0001,0.0003,0.03163,0.00105,5e-05,6e-05,0.0001,0.00743
1761260721643,109891.58,109891.57,109891.51,109890.49,109890.44,109890.34,109890.33,109890.32,109890.0,109889.82,3.51918,0.01017,0.0001,0.001,5e-05,0.0001,0.14533,0.3003,5e-05,5e-05,109891.59,109891.6,109891.67,109891.93,109891.94,109892.68,109893.1,109893.3,109893.44,109893.45,1.99921,0.0008,0.0001,0.0003,0.03163,0.00105,5e-05,6e-05,0.0001,0.00743
1761260721742,109891.58,109891.57,109891.51,109890.49,109890.44,109890.34,109890.33,109890.32,109890.0,109889.82,3.51918,0.01017,0.0001,0.001,5e-05,0.0001,0.14533,0.3003,5e-05,5e-05,109891.59,109891.6,109891.67,109891.93,109891.94,109892.68,109893.1,109893.3,109893.44,109893.45,1.99921,0.0008,0.0001,0.0003,0.03163,0.00105,5e-05,6e-05,0.0001,0.00743
1761260721842,109891.58,109891.57,109891.51,109890.49,109890.44,109890.34,109890.33,109890.32,109890.0,109889.82,3.51918,0.01017,0.0001,0.001,5e-05,0.0001,0.14533,0.3003,5e-05,5e-05,109891.59,109891.6,109891.67,109891.93,109891.94,109892.68,109893.1,109893.3,109893.44,109893.45,1.99921,0.0008,0.0001,0.0003,0.03163,0.00105,5e-05,6e-05,0.0001,0.00743
1761260721943,109891.58,109891.57,109891.51,109890.49,109890.44,109890.34,109890.33,109890.32,109890.0,109889.82,3.51918,0.01017,0.0001,0.001,5e-05,0.0001,0.14533,0.3003,5e-05,5e-05,109891.59,109891.6,109891.67,109891.93,109891.94,109892.68,109893.1,109893.3,109893.44,109893.45,1.99921,0.0008,0.0001,0.0003,0.03163,0.00105,5e-05,6e-05,0.0001,0.00743
1761260722042,109891.58,109891.57,109891.51,109890.49,109890.44,109890.34,109890.33,109890.32,109890.0,109889.82,4.59773,0.01022,0.0001,0.001,5e-05,0.0001,0.14533,0.3003,5e-05,5e-05,109891.59,109891.6,109891.67,109891.93,109891.94,109892.68,109893.1,109893.3,109893.44,109893.45,1.99721,0.0008,0.0001,0.0003,0.03163,0.00105,5e-05,6e-05,0.0001,0.00743
1761260722142,109891.58,109891.57,109891.51,109890.49,109890.44,109890.34,109890.33,109890.32,109890.0,109889.82,4.59773,0.01022,0.0001,0.001,5e-05,0.0001,0.14533,0.3003,5e-05,5e-05,109891.59,109891.6,109891.67,109891.93,109891.94,109892.68,109893.1,109893.3,109893.44,109893.45,1.99721,0.0008,0.0001,0.0003,0.03163,0.00105,5e-05,6e-05,0.0001,0.00743
1761260722242,109891.58,109891.57,109891.51,109890.49,109890.44,109890.34,109890.33,109890.32,109890.0,109889.82,4.59773,0.01022,0.0001,0.001,5e-05,0.0001,0.14533,0.3003,5e-05,5e-05,109891.59,109891.6,109891.67,109891.93,109891.94,109892.68,109893.1,109893.3,109893.44,109893.45,1.99716,0.0008,0.0001,0.0003,0.03163,0.00105,5e-05,6e-05,0.0001,0.00743
1761260722342,109891.58,109891.57,109891.51,109890.49,109890.44,109890.34,109890.33,109890.32,109890.0,109889.82,3.29151,0.01022,0.0001,0.001,5e-05,0.0001,0.14533,0.3003,5e-05,5e-05,109891.59,109891.6,109891.67,109891.93,109891.94,109892.68,109893.1,109893.3,109893.44,109893.45,2.31206,0.0008,0.0001,0.0003,0.03163,0.00105,5e-05,6e-05,0.0001,0.00743
1761260722442,109891.58,109891.57,109891.51,109890.49,109890.44,109890.34,109890.33,109890.32,109890.0,109889.82,4.37035,0.01022,0.0001,0.001,5e-05,0.0001,0.14533,0.3003,5e-05,5e-05,109891.59,109891.6,109891.67,109891.93,109891.94,109892.68,109893.1,109893.3,109893.44,109893.45,2.18996,0.0008,0.0001,0.0003,0.03163,0.00105,5e-05,6e-05,0.0001,0.00743
1761260722546,109891.58,109891.57,109891.51,109890.49,109890.44,109890.34,109890.33,109890.32,109890.0,109889.82,4.37035,0.01022,0.0001,0.001,5e-05,0.0001,0.14533,0.3003,5e-05,5e-05,109891.59,109891.6,109891.67,109891.93,109891.94,109892.68,109893.1,109893.3,109893.44,109893.45,2.18996,0.0008,0.0001,0.0003,0.03163,0.00105,5e-05,6e-05,0.0001,0.00743
1761260722643,109891.58,109891.57,109891.51,109890.49,109890.44,109890.34,109890.33,109890.32,109890.0,109889.82,4.37035,0.01022,0.0001,0.001,5e-05,0.0001,0.14533,0.3003,5e-05,5e-05,109891.59,109891.6,109891.67,109891.93,109891.94,109892.68,109893.1,109893.3,109893.44,109893.45,2.18996,0.0008,0.0001,0.0003,0.03163,0.00105,5e-05,6e-05,0.0001,0.00743
1761260722743,109891.58,109891.57,109891.51,109890.49,109890.44,109890.34,109890.33,109890.32,109890.0,109889.82,4.37035,0.01022,0.0001,0.001,5e-05,0.0001,0.14533,0.3003,5e-05,5e-05,109891.59,109891.6,109891.67,109891.93,109891.94,109892.68,109893.1,109893.3,109893.44,109893.45,2.18996,0.0008,0.0001,0.0003,0.03163,0.00105,5e-05,6e-05,0.0001,0.00743
1761260722842,109891.58,109891.57,109891.51,109890.49,109890.44,109890.34,109890.33,109890.32,109890.0,109889.82,4.37035,0.01022,0.0001,0.001,5e-05,0.0001,0.14533,0.3003,5e-05,5e-05,109891.59,109891.6,109891.67,109891.93,109891.94,109892.68,109893.1,109893.3,109893.44,109893.45,2.18996,0.0008,0.0001,0.0003,0.03163,0.00105,5e-05,6e-05,0.0001,0.00743
1761260722942,109891.58,109891.57,109891.51,109890.49,109890.44,109890.34,109890.33,109890.32,109890.0,109889.82,4.37035,0.01022,0.0001,0.001,5e-05,0.0001,0.14533,0.3003,5e-05,5e-05,109891.59,109891.6,109891.67,109891.93,109891.94,109892.68,109893.1,109893.3,109893.44,109893.45,2.18996,0.0008,0.0001,0.0003,0.03163,0.00105,5e-05,6e-05,0.0001,0.00743
1761260723044,109891.58,109891.57,109891.51,109890.49,109890.44,109890.34,109890.33,109890.32,109890.0,109889.82,4.37035,0.01022,0.0001,0.001,5e-05,0.0001,0.14533,0.3003,5e-05,5e-05,109891.59,109891.6,109891.67,109891.93,109891.94,109892.68,109893.1,109893.3,109893.44,109893.45,1.87496,0.0008,0.0001,0.0003,0.03163,0.00105,5e-05,6e-05,0.0001,0.00743
1761260723142,109891.58,109891.57,109891.51,109890.49,109890.44,109890.34,109890.33,109890.32,109890.0,109889.82,4.37035,0.01022,0.0001,0.001,5e-05,0.0001,0.14533,0.3003,5e-05,5e-05,109891.59,109891.6,109891.67,109891.93,109891.94,109892.68,109893.1,109893.3,109893.44,109893.45,1.87325,0.0008,0.0001,0.0003,0.03163,0.00105,5e-05,6e-05,0.0001,0.00743
1761260723242,109891.58,109891.57,109891.51,109890.49,109890.44,109890.34,109890.33,109890.32,109890.0,109889.82,4.37035,0.01022,0.0001,0.001,5e-05,0.0001,0.14533,0.3003,5e-05,5e-05,109891.59,109891.6,109891.67,109891.93,109891.94,109892.68,109893.1,109893.3,109893.44,109893.45,1.87325,0.0008,0.0001,0.0003,0.03163,0.00105,5e-05,6e-05,0.0001,0.00743
1761260723342,109891.58,109891.57,109891.51,109890.49,109890.44,109890.34,109890.33,109890.32,109890.0,109889.82,4.36726,0.01027,0.0001,0.001,5e-05,0.0001,0.14533,0.3003,5e-05,5e-05,109891.59,109891.6,109891.67,109891.93,109891.94,109892.68,109893.1,109893.3,109893.44,109893.45,2.18825,0.0008,0.0001,0.0003,0.03163,0.00105,5e-05,6e-05,0.0001,0.00743
1761260723443,109891.58,109891.57,109891.51,109890.49,109890.44,109890.34,109890.33,109890.32,109890.0,109889.82,4.36726,0.01027,0.0001,0.001,5e-05,0.0001,0.14533,0.3003,5e-05,5e-05,109891.59,109891.6,109891.67,109891.93,109891.94,109892.68,109893.1,109893.3,109893.44,109893.45,1.87325,0.0008,0.0001,0.0003,0.03163,0.00105,5e-05,6e-05,0.0001,0.00743
1761260723544,109891.58,109891.57,109891.51,109890.49,109890.44,109890.34,109890.33,109890.32,109890.0,109889.82,4.35992,0.01027,0.0001,0.001,5e-05,0.0001,0.14533,0.3003,5e-05,5e-05,109891.59,109891.6,109891.67,109891.93,109891.94,109892.68,109893.1,109893.3,109893.44,109893.45,1.87325,0.0008,0.0001,0.0003,0.03163,0.00105,5e-05,6e-05,0.0001,0.00743
1761260723643,109891.58,109891.57,109891.51,109890.49,109890.44,109890.34,109890.33,109890.32,109890.0,109889.82,4.36005,0.01027,0.0001,0.001,5e-05,0.0001,0.14533,0.3003,5e-05,5e-05,109891.59,109891.6,109891.67,109891.93,109891.94,109892.68,109893.1,109893.3,109893.44,109893.45,2.18825,0.0008,0.0001,0.0003,0.03163,0.00105,5e-05,6e-05,0.0001,0.00743
1761260723742,109891.58,109891.57,109891.51,109890.49,109890.44,109890.34,109890.33,109890.32,109890.0,109889.82,4.36005,0.01027,0.0001,0.001,5e-05,0.0001,0.14533,0.3003,5e-05,5e-05,109891.59,109891.6,109891.67,109891.93,109891.94,109892.68,109893.1,109893.3,109893.44,109893.45,1.87325,0.0008,0.0001,0.0003,0.03163,0.00105,5e-05,6e-05,0.0001,0.00743
1761260723843,109891.58,109891.57,109891.51,109890.49,109890.44,109890.34,109890.33,109890.32,109890.0,109889.82,4.36005,0.01027,0.0001,0.001,5e-05,0.0001,0.14533,0.3003,5e-05,5e-05,109891.59,109891.6,109891.67,109891.93,109891.94,109892.68,109893.1,109893.3,109893.44,109893.45,1.87325,0.0008,0.0001,0.0003,0.03163,0.00105,5e-05,6e-05,0.0001,0.00743
1761260723943,109891.58,109891.57,109891.51,109890.49,109890.44,109890.34,109890.33,109890.32,109890.0,109889.82,4.36005,0.01027,0.0001,0.001,5e-05,0.0001,0.14533,0.3003,5e-05,5e-05,109891.59,109891.6,109891.67,109891.93,109891.94,109892.68,109893.1,109893.3,109893.44,109893.45,1.87325,0.0008,0.0001,0.0003,0.03163,0.00105,5e-05,6e-05,0.0001,0.00743
1761260724044,109891.58,109891.57,109891.51,109890.49,109890.44,109890.34,109890.33,109890.32,109890.0,109889.82,4.36005,0.01027,0.0001,0.001,5e-05,0.0001,0.14533,0.3003,5e-05,5e-05,109891.59,109891.6,109891.67,109891.93,109891.94,109892.68,109893.1,109893.3,109893.44,109893.45,1.87325,0.0008,0.0001,0.0003,0.03163,0.00105,5e-05,6e-05,0.0001,0.00743
1761260724143,109891.58,109891.57,109891.51,109890.49,109890.44,109890.34,109890.33,109890.32,109890.0,109889.82,4.36005,0.01027,0.0001,0.001,5e-05,0.0001,0.14533,0.3003,5e-05,5e-05,109891.59,109891.6,109891.67,109891.93,109891.94,109892.68,109893.1,109893.3,109893.44,109893.45,1.8732,0.00075,0.0001,0.0003,0.03163,0.00105,5e-05,6e-05,0.0001,0.00743
1761260724243,109891.58,109891.57,109891.51,109890.49,109890.44,109890.34,109890.33,109890.32,109890.0,109889.82,4.36005,0.01027,0.0001,0.001,5e-05,0.0001,0.14533,0.3003,5e-05,5e-05,109891.59,109891.6,109891.67,109891.93,109891.94,109892.68,109893.1,109893.3,109893.44,109893.45,1.8732,0.00075,0.0001,0.0003,0.03163,0.00105,5e-05,6e-05,0.0001,0.00743
1761260724342,109891.58,109891.57,109891.51,109890.49,109890.44,109890.34,109890.33,109890.32,109890.0,109889.82,4.36005,0.01027,0.0001,0.001,5e-05,0.0001,0.14533,0.3003,5e-05,5e-05,109891.59,109891.6,109891.67,109891.93,109891.94,109892.68,109893.1,109893.3,109893.44,109893.45,1.8732,0.00075,0.0001,0.0003,0.03163,0.00105,5e-05,6e-05,0.0001,0.00743
1761260724442,109891.58,109891.57,109891.51,109890.49,109890.44,109890.34,109890.33,109890.32,109890.0,109889.82,3.21552,0.01027,0.0001,0.001,5e-05,0.0001,0.14533,0.3003,5e-05,5e-05,109891.59,109891.6,109891.67,109891.93,109891.94,109892.68,109893.1,109893.3,109893.44,109893.45,2.1882,0.00075,0.0001,0.0003,0.03163,0.00105,5e-05,6e-05,0.0001,0.00743
1761260724542,109891.58,109891.57,109891.51,109890.49,109890.44,109890.34,109890.33,109890.32,109890.0,109889.82,3.21552,0.01027,0.0001,0.001,5e-05,0.0001,0.14533,0.3003,5e-05,5e-05,109891.59,109891.6,109891.67,109891.93,109891.94,109892.68,109893.1,109893.3,109893.44,109893.45,2.1882,0.00075,0.0001,0.0003,0.03163,0.00105,5e-05,6e-05,0.0001,0.00743
1761260724644,109891.58,109891.57,109891.51,109890.49,109890.44,109890.34,109890.33,109890.32,109890.0,109889.82,3.21541,0.01027,0.0001,0.001,5e-05,0.0001,0.14533,0.3003,5e-05,5e-05,109891.59,109891.6,109891.67,109891.93,109891.94,109892.68,109893.1,109893.3,109893.44,109893.45,2.1882,0.00075,0.0001,0.0003,0.03163,0.00105,5e-05,6e-05,0.0001,0.00743
1761260724743,109891.58,109891.57,109891.51,109890.49,109890.44,109890.34,109890.33,109890.32,109890.0,109889.82,3.21541,0.01027,0.0001,0.001,5e-05,0.0001,0.14533,0.3003,5e-05,5e-05,109891.59,109891.6,109891.67,109891.93,109891.94,109892.68,109893.1,109893.3,109893.44,109893.45,1.8732,0.00075,0.0001,0.0003,0.03163,0.00105,5e-05,6e-05,0.0001,0.00743
1761260724843,109891.58,109891.57,109891.51,109890.49,109890.44,109890.34,109890.33,109890.32,109890.0,109889.82,3.28111,0.01027,0.0001,0.001,5e-05,0.0001,0.14533,0.3003,5e-05,5e-05,109891.59,109891.6,109891.67,109891.93,109891.94,109892.68,109893.1,109893.3,109893.44,109893.45,1.8732,0.00075,0.0001,0.0003,0.03163,0.00105,5e-05,6e-05,0.0001,0.00743
1761260724943,109891.58,109891.57,109891.51,109890.49,109890.44,109890.34,109890.33,109890.32,109890.0,109889.82,3.28106,0.01027,0.0001,0.001,5e-05,0.0001,0.14533,0.3003,5e-05,5e-05,109891.59,109891.6,109891.67,109891.93,109891.94,109892.68,109893.1,109893.3,109893.44,109893.45,1.8732,0.00075,0.0001,0.0003,0.03163,0.00105,5e-05,6e-05,0.0001,0.00743
1761260725043,109891.58,109891.57,109891.51,109890.49,109890.44,109890.34,109890.33,109890.32,109890.0,109889.82,3.28091,0.01027,0.0001,0.001,5e-05,0.0001,0.14533,0.3003,5e-05,5e-05,109891.59,109891.6,109891.67,109891.93,109891.94,109892.68,109893.1,109893.3,109893.44,109893.45,1.8732,0.00075,0.0001,0.0003,0.03163,0.00105,5e-05,6e-05,0.0001,0.00743
1761260725143,109891.58,109891.57,109891.51,109890.49,109890.44,109890.34,109890.33,109890.32,109890.0,109889.82,3.28091,0.01027,0.0001,0.001,5e-05,0.0001,0.14533,0.3003,5e-05,5e-05,109891.59,109891.6,109891.67,109891.93,109891.94,109892.68,109893.1,109893.3,109893.44,109893.45,1.9953,0.00075,0.0001,0.0003,0.03163,0.00105,5e-05,6e-05,0.0001,0.00743
1761260725242,109891.58,109891.57,109891.51,109890.49,109890.44,109890.34,109890.33,109890.32,109890.0,109889.82,3.28091,0.01027,0.0001,0.001,5e-05,0.0001,0.14533,0.3003,5e-05,5e-05,109891.59,109891.6,109891.67,109891.93,109891.94,109892.68,109893.1,109893.3,109893.44,109893.45,1.9953,0.00075,0.0001,0.0003,0.03163,0.00105,5e-05,6e-05,0.0001,0.00743
1761260725342,109891.58,109891.57,109891.51,109890.49,109890.44,109890.34,109890.33,109890.32,109890.0,109889.82,3.28091,0.01027,0.0001,0.001,5e-05,0.0001,0.14533,0.3003,5e-05,5e-05,109891.59,109891.6,109891.67,109891.93,109891.94,109892.68,109893.1,109893.3,109893.44,109893.45,1.9953,0.00075,0.0001,0.0003,0.03163,0.00105,5e-05,6e-05,0.0001,0.00743
1761260725443,109891.58,109891.57,109891.51,109890.49,109890.44,109890.34,109890.33,109890.32,109890.0,109889.82,4.35971,0.01027,0.0001,0.001,5e-05,0.0001,0.14533,0.3003,5e-05,5e-05,109891.59,109891.6,109891.67,109891.93,109891.94,109892.68,109893.1,109893.3,109893.44,109893.45,1.9953,0.00075,0.0001,0.0003,0.03163,0.00105,5e-05,6e-05,0.0001,0.00743
1761260725542,109891.58,109891.57,109891.51,109890.49,109890.44,109890.34,109890.33,109890.32,109890.0,109889.82,4.35971,0.01027,0.0001,0.001,5e-05,0.0001,0.14533,0.3003,5e-05,5e-05,109891.59,109891.6,109891.67,109891.93,109891.94,109892.68,109893.1,109893.3,109893.44,109893.45,1.9953,0.00075,0.0001,0.0003,0.03163,0.00105,5e-05,6e-05,0.0001,0.00743
1761260725643,109891.58,109891.57,109891.51,109890.49,109890.44,109890.34,109890.33,109890.32,109890.0,109889.82,4.35971,0.01027,0.0001,0.001,5e-05,0.0001,0.14533,0.3003,5e-05,5e-05,109891.59,109891.6,109891.67,109891.93,109891.94,109892.68,109893.1,109893.3,109893.44,109893.45,1.8732,0.00075,0.0001,0.0003,0.03163,0.00105,5e-05,6e-05,0.0001,0.00743
1761260725742,109891.58,109891.57,109891.51,109890.49,109890.44,109890.34,109890.33,109890.32,109890.0,109889.82,4.35971,0.01027,0.0001,0.001,5e-05,0.0001,0.14533,0.3003,5e-05,5e-05,109891.59,109891.6,109891.67,109891.93,109891.94,109892.68,109893.1,109893.3,109893.44,109893.45,1.8732,0.00075,0.0001,0.0003,0.03163,0.00105,5e-05,6e-05,0.0001,0.00743
1761260725842,109891.58,109891.57,109891.51,109890.49,109890.44,109890.34,109890.33,109890.32,109890.0,109889.82,4.35971,0.01027,0.0001,0.001,5e-05,0.0001,0.14533,0.3003,5e-05,5e-05,109891.59,109891.6,109891.67,109891.93,109891.94,109892.68,109893.1,109893.3,109893.44,109893.45,1.8732,0.00075,0.0001,0.0003,0.03163,0.00105,5e-05,6e-05,0.0001,0.00743
1761260725942,109891.58,109891.57,109891.51,109890.49,109890.44,109890.34,109890.33,109890.32,109890.0,109889.82,4.35971,0.01027,0.0001,0.001,5e-05,0.0001,0.14533,0.3003,5e-05,5e-05,109891.59,109891.6,109891.67,109891.93,109891.94,109892.68,109893.1,109893.3,109893.44,109893.45,1.8732,0.00075,0.0001,0.0003,0.03163,0.00105,5e-05,6e-05,0.0001,0.00743
1761260726042,109891.58,109891.57,109891.51,109890.49,109890.44,109890.34,109890.33,109890.32,109890.0,109889.82,4.33287,0.01027,0.0001,0.001,5e-05,0.0001,0.14533,0.3003,5e-05,5e-05,109891.59,109891.6,109891.67,109891.93,109891.94,109892.68,109893.1,109893.3,109893.44,109893.45,1.8732,0.00075,0.0001,0.0003,0.03163,0.00105,5e-05,6e-05,0.0001,0.00743
1761260726143,109891.58,109891.57,109891.51,109890.49,109890.44,109890.34,109890.33,109890.32,109890.0,109889.82,4.33287,0.01027,0.0001,0.001,5e-05,0.0001,0.14533,0.3003,5e-05,5e-05,109891.59,109891.6,109891.67,109891.93,109891.94,109892.68,109893.1,109893.3,109893.44,109893.45,1.8732,0.00075,0.0001,0.0003,0.03163,0.00105,5e-05,6e-05,0.0001,0.00743
1761260726243,109891.58,109891.57,109891.51,109890.49,109890.44,109890.34,109890.33,109890.32,109890.0,109889.82,4.33287,0.01027,0.0001,0.001,5e-05,0.0001,0.14533,0.3003,5e-05,5e-05,109891.59,109891.6,109891.67,109891.93,109891.94,109892.68,109893.1,109893.3,109893.44,109893.45,1.8732,0.00075,0.0001,0.0003,0.03163,0.00105,5e-05,6e-05,0.0001,0.00743
1761260726342,109891.58,109891.57,109891.51,109890.49,109890.44,109890.34,109890.33,109890.32,109890.0,109889.82,3.2447,0.01027,0.0001,0.001,5e-05,0.0001,0.14533,0.3003,5e-05,5e-05,109891.59,109891.6,109891.67,109891.93,109891.94,109892.68,109893.1,109893.3,109893.44,109893.45,2.3103,0.00075,0.0001,0.0003,0.03163,0.00105,5e-05,6e-05,0.0001,0.00743
1761260726442,109891.58,109891.57,109891.51,109890.49,109890.44,109890.34,109890.33,109890.32,109890.0,109889.82,3.25373,0.01027,0.0001,0.001,5e-05,0.0001,0.14533,0.3003,5e-05,5e-05,109891.59,109891.6,109891.67,109891.93,109891.94,109892.68,109893.1,109893.3,109893.44,109893.45,1.8732,0.00075,0.0001,0.0003,0.03163,0.00105,5e-05,6e-05,0.0001,0.00743
1761260726542,109891.58,109891.57,109891.51,109890.49,109890.44,109890.34,109890.33,109890.32,109890.0,109889.82,3.25474,0.01027,0.0001,0.001,5e-05,0.0001,0.14533,0.3003,5e-05,5e-05,109891.59,109891.6,109891.67,109891.93,109891.94,109892.68,109893.1,109893.3,109893.44,109893.45,1.8732,0.00075,0.0001,0.0003,0.03163,0.00105,5e-05,6e-05,0.0001,0.00743
1761260726642,109891.58,109891.57,109891.51,109890.49,109890.44,109890.34,109890.33,109890.32,109890.0,109889.82,4.33354,0.01027,0.0001,0.001,5e-05,0.0001,0.14533,0.3003,5e-05,5e-05,109891.59,109891.6,109891.67,109891.93,109891.94,109892.68,109893.1,109893.3,109893.44,109893.45,1.8661,0.00075,0.0001,0.0003,0.03163,0.00105,5e-05,6e-05,0.0001,0.00743
1761260726743,109891.58,109891.57,109891.51,109890.49,109890.44,109890.34,109890.33,109890.32,109890.0,109889.82,4.33354,0.01027,0.0001,0.001,5e-05,0.0001,0.14533,0.3003,5e-05,5e-05,109891.59,109891.6,109891.67,109891.93,109891.94,109892.68,109893.1,109893.3,109893.44,109893.45,1.8661,0.00075,0.0001,0.0003,0.03163,0.00105,5e-05,6e-05,0.0001,0.00743
1761260726842,109891.58,109891.57,109891.51,109890.49,109890.44,109890.34,109890.33,109890.32,109890.0,109889.82,4.33354,0.01027,0.0001,0.001,5e-05,0.0001,0.14533,0.3003,5e-05,5e-05,109891.59,109891.6,109891.67,109891.93,109891.94,109892.68,109893.1,109893.3,109893.44,109893.45,1.8661,0.00075,0.0001,0.0003,0.03163,0.00105,5e-05,6e-05,0.0001,0.00743
1761260726943,109891.58,109891.57,109891.51,109890.49,109890.44,109890.34,109890.33,109890.32,109890.0,109889.82,4.33354,0.01027,0.0001,0.001,5e-05,0.0001,0.14533,0.3003,5e-05,5e-05,109891.59,109891.6,109891.67,109891.93,109891.94,109892.68,109893.1,109893.3,109893.44,109893.45,1.8661,0.00075,0.0001,0.0003,0.03163,0.00105,5e-05,6e-05,0.0001,0.00743
1761260727042,109891.58,109891.57,109891.51,109890.49,109890.44,109890.34,109890.33,109890.32,109890.0,109889.82,4.33354,0.01027,0.0001,0.001,5e-05,0.0001,0.14533,0.3003,5e-05,5e-05,109891.59,109891.6,109891.67,109891.93,109891.94,109892.68,109893.1,109893.3,109893.44,109893.45,1.8661,0.00075,0.0001,0.0003,0.03163,0.00105,5e-05,6e-05,0.0001,0.00743
1761260727143,109891.58,109891.57,109891.51,109890.49,109890.44,109890.34,109890.33,109890.32,109890.0,109889.82,4.33354,0.01027,0.0001,0.001,5e-05,0.0001,0.14533,0.3003,5e-05,5e-05,109891.59,109891.6,109891.67,109891.93,109891.94,109892.68,109893.1,109893.3,109893.44,109893.45,1.8661,0.00075,0.0001,0.0003,0.03163,0.00105,5e-05,6e-05,0.0001,0.00743
1761260727243,109891.58,109891.57,109891.51,109890.49,109890.44,109890.34,109890.33,109890.32,109890.0,109889.82,4.33338,0.01027,0.0001,0.001,5e-05,0.0001,0.14533,0.3003,5e-05,5e-05,109891.59,109891.6,109891.67,109891.93,109891.94,109892.68,109893.1,109893.3,109893.44,109893.45,1.8661,0.00075,0.0001,0.0003,0.03163,0.00105,5e-05,6e-05,0.0001,0.00743
1761260727443,109891.58,109891.57,109891.51,109890.49,109890.44,109890.34,109890.33,109890.32,109890.0,109889.82,4.33338,0.01027,0.0001,0.001,5e-05,0.0001,0.14533,0.3003,5e-05,5e-05,109891.59,109891.6,109891.67,109891.93,109891.94,109892.68,109893.1,109893.3,109893.44,109893.45,1.8661,0.00075,0.0001,0.0003,0.03163,0.00105,5e-05,6e-05,0.0001,0.00743
1761260727543,109891.58,109891.57,109891.51,109890.49,109890.44,109890.34,109890.33,109890.32,109890.0,109889.82,4.33338,0.01027,0.0001,0.001,5e-05,0.0001,0.14533,0.3003,5e-05,5e-05,109891.59,109891.6,109891.67,109891.93,109891.94,109892.68,109893.1,109893.3,109893.44,109893.45,1.8661,0.00075,0.0001,0.0003,0.03163,0.00105,5e-05,6e-05,0.0001,0.00743
1761260727642,109891.58,109891.57,109891.51,109890.49,109890.44,109890.34,109890.33,109890.32,109890.0,109889.82,4.33338,0.01027,0.0001,0.001,5e-05,0.0001,0.14533,0.3003,5e-05,5e-05,109891.59,109891.6,109891.67,109891.93,109891.94,109892.68,109893.1,109893.3,109893.44,109893.45,1.86564,0.00075,0.0001,0.0003,0.03163,0.00105,5e-05,6e-05,0.0001,0.00743
1761260727742,109891.58,109891.57,109891.51,109890.49,109890.44,109890.34,109890.33,109890.32,109890.0,109889.82,4.33338,0.01027,0.0001,0.001,5e-05,0.0001,0.14533,0.3003,5e-05,5e-05,109891.59,109891.6,109891.67,109891.93,109891.94,109892.68,109893.1,109893.3,109893.44,109893.45,1.86564,0.00075,0.0001,0.0003,0.03163,0.00105,5e-05,6e-05,0.0001,0.00743
1761260727843,109891.58,109891.57,109891.51,109890.49,109890.44,109890.34,109890.33,109890.32,109890.0,109889.82,4.33338,0.01027,0.0001,0.001,5e-05,0.0001,0.14533,0.3003,5e-05,5e-05,109891.59,109891.6,109891.67,109891.93,109891.94,109892.68,109893.1,109893.3,109893.44,109893.45,1.86564,0.00075,0.0001,0.0003,0.03163,0.00105,5e-05,6e-05,0.0001,0.00743
1761260727943,109891.58,109891.57,109891.51,109890.49,109890.44,109890.34,109890.33,109890.32,109890.0,109889.82,4.33338,0.01027,0.0001,0.001,5e-05,0.0001,0.14533,0.3003,5e-05,5e-05,109891.59,109891.6,109891.67,109891.93,109891.94,109892.68,109893.1,109893.3,109893.44,109893.45,1.86569,0.00075,0.0001,0.0003,0.03163,0.00105,5e-05,6e-05,0.0001,0.00743
1761260728042,109891.58,109891.57,109891.51,109890.49,109890.44,109890.34,109890.33,109890.32,109890.0,109889.82,4.33338,0.01027,0.0001,0.001,5e-05,0.0001,0.14533,0.3003,5e-05,5e-05,109891.59,109891.6,109891.67,109891.93,109891.94,109892.68,109893.1,109893.3,109893.44,109893.45,1.86569,0.00075,0.0001,0.0003,0.03163,0.00105,5e-05,6e-05,0.0001,0.00743
1761260728243,109891.58,109891.57,109891.51,109890.49,109890.44,109890.34,109890.33,109890.32,109890.0,109889.82,4.33338,0.01027,0.0001,0.001,5e-05,0.0001,0.14533,0.3003,5e-05,5e-05,109891.59,109891.6,109891.67,109891.93,109891.94,109892.68,109893.1,109893.3,109893.44,109893.45,1.86569,0.00075,0.0001,0.0003,0.03163,0.00105,5e-05,6e-05,0.0001,0.00743
1761260728342,109891.58,109891.57,109891.51,109890.49,109890.44,109890.34,109890.33,109890.32,109890.0,109889.82,4.33338,0.01027,0.0001,0.001,5e-05,0.0001,0.14533,0.3003,5e-05,5e-05,109891.59,109891.6,109891.67,109891.93,109891.94,109892.68,109893.1,109893.3,109893.44,109893.45,1.86569,0.00075,0.0001,0.0003,0.03163,0.00105,5e-05,6e-05,0.0001,0.00743
1761260728442,109891.58,109891.57,109891.51,109890.49,109890.44,109890.34,109890.33,109890.32,109890.0,109889.82,3.85068,0.01027,0.0001,0.001,5e-05,0.0001,0.14533,0.3003,5e-05,5e-05,109891.59,109891.6,109891.67,109891.93,109891.94,109892.68,109893.1,109893.3,109893.44,109893.45,1.86569,0.00075,0.0001,0.0003,0.03163,0.00105,5e-05,6e-05,0.0001,0.00743
1761260728542,109891.58,109891.57,109891.51,109890.49,109890.44,109890.34,109890.33,109890.32,109890.0,109889.82,3.85068,0.01027,0.0001,0.001,5e-05,0.0001,0.14533,0.3003,5e-05,5e-05,109891.59,109891.6,109891.67,109891.93,109891.94,109892.68,109893.1,109893.3,109893.44,109893.45,1.86569,0.0008,0.0001,0.0003,0.03163,0.00105,5e-05,6e-05,0.0001,0.00743
1761260728646,109891.58,109891.57,109891.51,109890.49,109890.44,109890.34,109890.33,109890.32,109890.0,109889.82,3.85068,0.01027,0.0001,0.001,5e-05,0.0001,0.14533,0.3003,5e-05,5e-05,109891.59,109891.6,109891.67,109891.93,109891.94,109892.68,109893.1,109893.3,109893.44,109893.45,1.86569,0.0008,0.0001,0.0003,0.03163,0.00105,5e-05,6e-05,0.0001,0.00743
1761260728742,109891.58,109891.57,109891.51,109890.49,109890.44,109890.34,109890.33,109890.32,109890.0,109889.82,3.85068,0.01027,0.0001,0.001,5e-05,0.0001,0.14533,0.3003,5e-05,5e-05,109891.59,109891.6,109891.67,109891.93,109891.94,109892.68,109893.1,109893.3,109893.44,109893.45,1.86569,0.0008,0.0001,0.0003,0.03163,0.00105,5e-05,6e-05,0.0001,0.00743
1761260728846,109891.58,109891.57,109891.51,109890.49,109890.44,109890.34,109890.33,109890.32,109890.0,109889.82,2.77166,0.01027,0.0001,0.001,5e-05,0.0001,0.14533,0.3003,5e-05,5e-05,109891.59,109891.6,109891.67,109891.93,109891.94,109892.68,109892.8,109893.1,109893.3,109893.44,2.30279,0.0008,0.0001,0.0003,0.03163,0.00105,0.3002,5e-05,6e-05,0.0001
1761260728942,109891.58,109891.57,109891.51,109890.49,109890.44,109890.34,109890.33,109890.32,109890.0,109889.82,2.86005,0.01027,0.0001,0.001,5e-05,0.0001,0.14533,0.3003,5e-05,5e-05,109891.59,109891.6,109891.67,109891.93,109891.94,109892.68,109892.79,109892.8,109893.1,109893.3,2.18079,0.0008,0.0001,0.0003,0.03158,0.0011,0.19672,0.3003,5e-05,6e-05
1761260729042,109891.58,109891.57,109891.51,109890.49,109890.44,109890.34,109890.33,109890.32,109890.0,109889.82,2.86005,0.01027,0.0001,0.001,5e-05,0.0001,0.14533,0.3003,5e-05,5e-05,109891.59,109891.6,109891.67,109891.93,109891.94,109892.68,109892.78,109892.79,109892.8,109893.1,2.18084,0.00085,0.0001,0.0003,0.03158,0.0011,0.0001,0.19682,0.30025,5e-05
1761260729142,109891.58,109891.57,109891.51,109890.49,109890.44,109890.34,109890.33,109890.32,109890.0,109889.82,2.86005,0.01027,0.0001,0.001,5e-05,0.0001,0.14533,0.3003,5e-05,5e-05,109891.59,109891.6,109891.67,109891.93,109891.94,109892.68,109892.78,109892.79,109892.8,109893.1,2.18084,0.00085,0.0001,0.0003,0.03158,0.0011,0.0001,0.19682,0.30025,5e-05
1761260729242,109891.58,109891.57,109891.51,109890.49,109890.44,109890.34,109890.33,109890.32,109890.0,109889.82,2.86005,0.01027,0.0001,0.001,5e-05,0.0001,0.14533,0.3003,5e-05,5e-05,109891.59,109891.6,109891.67,109891.93,109891.94,109892.68,109892.78,109892.79,109892.8,109893.1,2.18084,0.00085,0.0001,0.0003,0.03158,0.0011,0.0001,0.19682,0.30025,5e-05
1761260729342,109891.58,109891.57,109891.51,109890.49,109890.44,109890.34,109890.33,109890.32,109890.0,109889.82,3.93885,0.01027,0.0001,0.001,5e-05,0.0001,0.14533,0.3003,5e-05,5e-05,109891.59,109891.6,109891.67,109891.93,109891.94,109892.68,109892.78,109892.79,109892.8,109893.1,2.18084,0.00085,0.0001,0.0003,0.03158,0.0011,0.0001,0.19682,0.30025,5e-05
1761260729442,109891.58,109891.57,109891.51,109890.49,109890.44,109890.34,109890.33,109890.32,109890.0,109889.82,3.93885,0.01027,0.0001,0.001,5e-05,0.0001,0.14533,0.3003,5e-05,5e-05,109891.59,109891.6,109891.67,109891.93,109891.94,109892.68,109892.78,109892.79,109892.8,109893.1,2.18079,0.0008,0.0001,0.0003,0.03158,0.0011,0.0001,0.19682,0.30025,5e-05
1761260729542,109891.58,109891.57,109891.51,109890.49,109890.44,109890.34,109890.33,109890.32,109890.0,109889.82,3.93889,0.01027,0.0001,0.001,5e-05,0.0001,0.14533,0.3003,5e-05,5e-05,109891.59,109891.6,109891.67,109891.93,109891.94,109892.68,109892.78,109892.79,109892.8,109893.1,2.18079,0.0008,0.0001,0.0003,0.03158,0.0011,0.0001,0.19682,0.30025,5e-05
1761260729643,109891.58,109891.57,109891.51,109890.49,109890.44,109890.34,109890.33,109890.32,109890.0,109889.82,3.93755,0.01027,0.0001,0.001,5e-05,0.0001,0.14533,0.3003,5e-05,5e-05,109891.59,109891.6,109891.67,109891.93,109891.94,109892.68,109892.78,109892.79,109892.8,109893.1,2.18079,0.0008,0.0001,0.0003,0.03158,0.0011,0.0001,0.19682,0.30025,5e-05
1761260729742,109891.58,109891.57,109891.51,109890.49,109890.44,109890.34,109890.33,109890.32,109890.0,109889.82,2.85841,0.01027,0.0001,0.001,5e-05,0.0001,0.14533,0.3003,5e-05,5e-05,109891.59,109891.6,109891.67,109891.93,109891.94,109892.68,109892.78,109892.79,109892.8,109893.1,2.18079,0.0008,0.0001,0.0003,0.03158,0.0011,0.0001,0.19682,0.30025,5e-05
1761260729842,109891.58,109891.57,109891.51,109890.49,109890.44,109890.34,109890.33,109890.32,109890.0,109889.82,2.8588,0.01032,0.0001,0.001,5e-05,0.0001,0.14533,0.3003,5e-05,5e-05,109891.59,109891.6,109891.67,109891.93,109891.94,109892.68,109892.78,109892.79,109892.8,109893.1,2.1806,0.00075,0.0001,0.0003,0.03158,0.0011,0.0001,0.19682,0.30025,5e-05
1761260729943,109891.58,109891.57,109891.51,109890.49,109890.44,109890.34,109890.33,109890.32,109890.0,109889.82,2.85844,0.01032,0.0001,0.001,5e-05,0.0001,0.14533,0.3003,5e-05,5e-05,109891.59,109891.6,109891.67,109891.93,109891.94,109892.68,109892.78,109892.79,109892.8,109893.1,2.1806,0.00075,0.0001,0.0003,0.03158,0.0011,0.0001,0.19682,0.30025,5e-05
1761260730043,109891.58,109891.57,109891.51,109890.49,109890.44,109890.34,109890.33,109890.32,109890.0,109889.82,2.85844,0.01032,0.0001,0.001,5e-05,0.0001,0.14533,0.3003,5e-05,5e-05,109891.59,109891.6,109891.67,109891.93,109891.94,109892.68,109892.78,109892.79,109892.8,109893.1,2.18045,0.00075,0.0001,0.0003,0.03158,0.0011,0.0001,0.19682,0.3003,5e-05
1761260730142,109891.58,109891.57,109891.51,109890.49,109890.44,109890.34,109890.33,109890.32,109890.0,109889.82,2.85844,0.01032,0.0001,0.001,5e-05,0.0001,0.14533,0.3003,5e-05,5e-05,109891.59,109891.6,109891.67,109891.93,109891.94,109892.68,109892.78,109892.79,109892.8,109893.1,2.18045,0.00075,0.0001,0.0003,0.03158,0.0011,0.0001,0.19682,0.3003,5e-05
1761260730243,109891.58,109891.57,109891.51,109890.49,109890.44,109890.34,109890.33,109890.32,109890.0,109889.82,2.85798,0.01032,0.0001,0.001,5e-05,0.0001,0.14533,0.3003,5e-05,5e-05,109891.59,109891.6,109891.67,109891.93,109891.94,109892.68,109892.78,109892.79,109892.8,109893.1,2.18025,0.00075,0.0001,0.0003,0.03158,0.0011,0.0001,0.19682,0.3003,5e-05
1761260730342,109891.58,109891.57,109891.51,109890.49,109890.44,109890.34,109890.33,109890.32,109890.0,109889.82,2.85797,0.01032,0.0001,0.001,5e-05,0.0001,0.14533,0.3003,5e-05,5e-05,109891.59,109891.6,109891.67,109891.93,109891.94,109892.68,109892.78,109892.79,109892.8,109893.1,2.18025,0.00075,0.0001,0.0003,0.03158,0.0011,0.0001,0.19682,0.3003,5e-05
1761260730442,109891.58,109891.57,109891.51,109890.49,109890.44,109890.34,109890.33,109890.32,109890.0,109889.82,2.85797,0.01032,0.0001,0.001,5e-05,0.0001,0.14533,0.3003,5e-05,5e-05,109891.59,109891.6,109891.67,109891.93,109891.94,109892.68,109892.78,109892.79,109892.8,109893.1,2.59145,0.00075,0.0001,0.0003,0.03158,0.0011,0.0001,0.19682,0.3003,5e-05
1761260730542,109891.58,109891.57,109891.51,109890.49,109890.44,109890.34,109890.33,109890.32,109890.0,109889.82,2.85763,0.01032,0.0001,0.001,5e-05,0.0001,0.14533,0.3003,5e-05,5e-05,109891.59,109891.6,109891.67,109891.93,109891.94,109892.68,109892.78,109892.79,109892.8,109893.1,2.59145,0.00075,0.0001,0.0003,0.03158,0.0011,0.0001,0.19682,0.3003,5e-05
1761260730642,109891.58,109891.57,109891.51,109890.49,109890.44,109890.34,109890.33,109890.32,109890.0,109889.82,2.85763,0.01032,0.0001,0.001,5e-05,0.0001,0.14533,0.3003,5e-05,5e-05,109891.59,109891.6,109891.67,109891.93,109891.94,109892.68,109892.78,109892.79,109892.8,109893.1,2.59145,0.00075,0.0001,0.0003,0.03158,0.0011,0.0001,0.19682,0.3003,5e-05
1761260730742,109891.58,109891.57,109891.51,109890.49,109890.44,109890.34,109890.33,109890.32,109890.0,109889.82,3.0051,0.01032,0.0001,0.001,5e-05,0.0001,0.14533,0.3003,5e-05,5e-05,109891.59,109891.6,109891.67,109891.93,109891.94,109892.68,109892.78,109892.79,109892.8,109893.1,2.74136,0.00075,0.0001,0.0003,0.03158,0.0011,0.0001,0.19682,0.3003,5e-05
1761260730842,109891.58,109891.57,109891.51,109890.49,109890.44,109890.34,109890.33,109890.32,109890.0,109889.82,3.13995,0.01032,0.0001,0.001,5e-05,0.0001,0.14533,0.3003,5e-05,5e-05,109891.59,109891.6,109891.67,109891.93,109891.94,109892.68,109892.78,109892.79,109892.8,109893.1,2.86346,0.00075,0.0001,0.0003,0.03158,0.0011,0.0001,0.19682,0.3003,5e-05
1761260730947,109891.58,109891.57,109891.51,109890.49,109890.44,109890.34,109890.33,109890.32,109890.0,109889.82,3.16034,0.01032,0.0001,0.001,5e-05,0.0001,0.14533,0.3003,5e-05,5e-05,109891.59,109891.6,109891.67,109891.93,109891.94,109892.68,109892.78,109892.79,109892.8,109893.1,2.86346,0.00075,0.0001,0.0003,0.03158,0.00105,0.0001,0.19682,0.3003,5e-05
1761260731043,109891.58,109891.57,109891.51,109890.49,109890.44,109890.34,109890.33,109890.32,109890.0,109889.82,3.16034,0.01032,0.0001,0.001,5e-05,0.0001,0.14533,0.3003,5e-05,5e-05,109891.59,109891.6,109891.67,109891.93,109891.94,109892.68,109892.78,109892.79,109892.8,109893.1,2.86346,0.00075,0.0001,0.0003,0.03158,0.00105,0.0001,0.19682,0.3003,5e-05
1761260731143,109891.58,109891.57,109891.51,109890.49,109890.44,109890.34,109890.33,109890.32,109890.0,109889.82,3.16034,0.01032,0.0001,0.001,5e-05,0.0001,0.14533,0.3003,5e-05,5e-05,109891.59,109891.6,109891.67,109891.93,109891.94,109892.68,109892.78,109892.79,109892.8,109893.1,2.74136,0.00075,0.0001,0.0003,0.03158,0.00105,0.0001,0.19682,0.3003,5e-05
1761260731242,109891.58,109891.57,109891.51,109890.49,109890.44,109890.34,109890.33,109890.32,109890.0,109889.82,3.16034,0.01032,0.0001,0.001,5e-05,0.0001,0.14533,0.3003,5e-05,5e-05,109891.59,109891.6,109891.67,109891.93,109891.94,109892.68,109892.78,109892.79,109892.8,109893.1,2.74136,0.00075,0.0001,0.0003,0.03158,0.00105,0.0001,0.19682,0.3003,5e-05
1761260731342,109891.58,109891.57,109891.51,109890.49,109890.44,109890.34,109890.33,109890.32,109890.0,109889.82,3.16034,0.01032,0.0001,0.001,5e-05,0.0001,0.14533,0.3003,5e-05,5e-05,109891.59,109891.6,109891.67,109891.93,109891.94,109892.68,109892.78,109892.79,109892.8,109893.1,2.74136,0.00075,0.0001,0.0003,0.03158,0.00105,0.0001,0.19682,0.3003,5e-05
1761260731443,109891.58,109891.57,109891.51,109890.49,109890.44,109890.34,109890.33,109890.32,109890.0,109889.82,3.16034,0.01032,0.0001,0.001,5e-05,0.0001,0.14533,0.3003,5e-05,5e-05,109891.59,109891.6,109891.67,109891.93,109891.94,109892.68,109892.78,109892.79,109892.8,109893.1,2.74136,0.00075,0.0001,0.0003,0.03158,0.00105,0.0001,0.19682,0.3003,5e-05
1761260731542,109891.58,109891.57,109891.51,109890.49,109890.44,109890.34,109890.33,109890.32,109890.0,109889.82,3.16034,0.01032,0.0001,0.001,5e-05,0.0001,0.14533,0.3003,5e-05,5e-05,109891.59,109891.6,109891.67,109891.93,109891.94,109892.68,109892.78,109892.79,109892.8,109893.1,2.74136,0.00075,0.0001,0.0003,0.03158,0.00105,0.0001,0.19682,0.3003,5e-05
1761260731642,109891.58,109891.57,109891.51,109890.49,109890.44,109890.34,109890.33,109890.32,109890.0,109889.82,3.16034,0.01032,0.0001,0.001,5e-05,0.0001,0.14533,0.3003,5e-05,5e-05,109891.59,109891.6,109891.67,109891.93,109891.94,109892.68,109892.78,109892.79,109892.8,109893.1,2.74136,0.00075,0.0001,0.0003,0.03158,0.00105,0.0001,0.19682,0.3003,5e-05
1761260731742,109891.58,109891.57,109891.51,109890.49,109890.44,109890.34,109890.33,109890.32,109890.0,109889.82,3.16034,0.01032,0.0001,0.001,5e-05,0.0001,0.14533,0.3003,5e-05,5e-05,109891.59,109891.6,109891.67,109891.93,109891.94,109892.68,109892.78,109892.79,109892.8,109893.1,2.74136,0.00075,0.0001,0.0003,0.03158,0.00105,0.0001,0.19682,0.3003,5e-05
1761260731843,109891.58,109891.57,109891.51,109890.49,109890.44,109890.34,109890.33,109890.32,109890.0,109889.82,3.16034,0.01032,0.0001,0.001,5e-05,0.0001,0.14533,0.3003,5e-05,5e-05,109891.59,109891.6,109891.67,109891.93,109891.94,109892.68,109892.78,109892.79,109892.8,109893.1,2.74136,0.00075,0.0001,0.0003,0.03158,0.00105,0.0001,0.19682,0.3003,5e-05
1761260731943,109891.58,109891.57,109891.51,109890.49,109890.44,109890.34,109890.33,109890.32,109890.0,109889.82,3.14337,0.01032,0.0001,0.001,5e-05,0.0001,0.14533,0.3003,5e-05,5e-05,109891.59,109891.6,109891.67,109891.93,109891.94,109892.68,109892.78,109892.79,109892.8,109893.1,2.74136,0.00075,0.0001,0.0003,0.03158,0.00105,0.0001,0.19682,0.3003,5e-05
1761260732042,109891.58,109891.57,109891.51,109890.49,109890.44,109890.34,109890.33,109890.32,109890.0,109889.82,3.14337,0.01032,0.0001,0.001,5e-05,0.0001,0.14533,0.3003,5e-05,5e-05,109891.59,109891.6,109891.67,109891.93,109891.94,109892.68,109892.78,109892.79,109892.8,109893.1,2.74136,0.00075,0.0001,0.0003,0.03158,0.00105,0.0001,0.19682,0.3003,5e-05
1761260732142,109891.58,109891.57,109891.51,109890.49,109890.44,109890.34,109890.33,109890.32,109890.0,109889.82,3.14337,0.01032,0.0001,0.001,5e-05,0.0001,0.14533,0.3003,5e-05,5e-05,109891.59,109891.6,109891.67,109891.93,109891.94,109892.68,109892.78,109892.79,109892.8,109893.1,2.74136,0.00075,0.0001,0.0003,0.03158,0.00105,0.0001,0.19682,0.3003,5e-05
1761260732242,109891.58,109891.57,109891.51,109890.49,109890.44,109890.34,109890.33,109890.32,109890.0,109889.82,3.14337,0.01032,0.0001,0.001,5e-05,0.0001,0.14533,0.3003,5e-05,5e-05,109891.59,109891.6,109891.67,109891.93,109891.94,109892.68,109892.78,109892.79,109892.8,109893.1,2.74136,0.00075,0.0001,0.0003,0.03158,0.00105,0.0001,0.19682,0.3003,5e-05
1761260732342,109891.58,109891.57,109891.51,109890.49,109890.44,109890.34,109890.33,109890.32,109890.0,109889.82,4.22247,0.01032,0.0001,0.001,5e-05,0.0001,0.14533,0.3003,5e-05,5e-05,109891.59,109891.6,109891.67,109891.93,109891.94,109892.68,109892.78,109892.79,109892.8,109893.1,2.74136,0.00075,0.0001,0.0003,0.03158,0.00105,0.0001,0.19682,0.3003,5e-05
1761260732442,109891.58,109891.57,109891.51,109890.49,109890.44,109890.34,109890.33,109890.32,109890.0,109889.82,4.22045,0.01032,0.0001,0.001,5e-05,0.0001,0.14533,0.3003,5e-05,5e-05,109891.59,109891.6,109891.67,109891.93,109891.94,109892.68,109892.78,109892.79,109892.8,109893.1,2.74136,0.00075,0.0001,0.0003,0.03158,0.00105,0.0001,0.19682,0.3003,5e-05
1761260732543,109891.58,109891.57,109891.51,109890.49,109890.44,109890.34,109890.33,109890.32,109890.0,109889.82,4.21986,0.01032,0.0001,0.001,5e-05,0.0001,0.14533,0.3003,5e-05,5e-05,109891.59,109891.6,109891.67,109891.93,109891.94,109892.68,109892.78,109892.79,109892.8,109893.1,2.74136,0.00075,0.0001,0.0003,0.03158,0.00105,0.0001,0.19682,0.3003,5e-05
1761260732642,109891.58,109891.57,109891.51,109890.49,109890.44,109890.34,109890.33,109890.32,109890.0,109889.82,4.21986,0.01032,0.0001,0.001,5e-05,0.0001,0.14533,0.3003,5e-05,5e-05,109891.59,109891.6,109891.67,109891.93,109891.94,109892.68,109892.78,109892.79,109892.8,109893.1,2.74136,0.00075,0.0001,0.0003,0.03158,0.00105,0.0001,0.19682,0.3003,5e-05
1761260732742,109891.58,109891.57,109891.51,109890.49,109890.44,109890.34,109890.33,109890.32,109890.0,109889.82,4.21986,0.01032,0.0001,0.001,5e-05,0.0001,0.14533,0.3003,5e-05,5e-05,109891.59,109891.6,109891.67,109891.93,109891.94,109892.68,109892.78,109892.79,109892.8,109893.1,2.74136,0.00075,0.0001,0.0003,0.03158,0.00105,0.0001,0.19682,0.3003,5e-05
1761260732845,109891.58,109891.57,109891.51,109890.49,109890.44,109890.34,109890.33,109890.32,109890.0,109889.82,4.21986,0.01032,0.0001,0.001,5e-05,0.0001,0.14533,0.3003,5e-05,5e-05,109891.59,109891.6,109891.67,109891.93,109891.94,109892.68,109892.78,109892.79,109892.8,109893.1,2.74136,0.00075,0.0001,0.0003,0.03158,0.00105,0.0001,0.19682,0.3003,5e-05
1761260732942,109891.58,109891.57,109891.51,109890.49,109890.44,109890.34,109890.33,109890.32,109890.0,109889.82,4.21986,0.01032,0.0001,0.001,5e-05,0.0001,0.14533,0.3003,5e-05,5e-05,109891.59,109891.6,109891.67,109891.93,109891.94,109892.68,109892.78,109892.79,109892.8,109893.1,2.42636,0.00075,0.0001,0.0003,0.03158,0.00105,0.0001,0.19682,0.3003,5e-05
1761260733042,109891.58,109891.57,109891.51,109890.49,109890.44,109890.34,109890.33,109890.32,109890.0,109889.82,4.21986,0.01032,0.0001,0.001,5e-05,0.0001,0.14533,0.3003,5e-05,5e-05,109891.59,109891.6,109891.67,109891.93,109891.94,109892.68,109892.78,109892.79,109892.8,109893.1,2.42636,0.00075,0.0001,0.0003,0.03158,0.00105,0.0001,0.19682,0.3003,5e-05
1761260733243,109891.58,109891.57,109891.51,109890.49,109890.44,109890.34,109890.33,109890.32,109890.0,109889.82,4.21986,0.01032,0.0001,0.001,5e-05,0.0001,0.14533,0.3003,5e-05,5e-05,109891.59,109891.6,109891.67,109891.93,109891.94,109892.68,109892.78,109892.79,109892.8,109893.1,2.42636,0.00075,0.0001,0.0003,0.03158,0.00105,0.0001,0.19682,0.3003,5e-05
1761260733342,109891.58,109891.57,109891.51,109890.49,109890.44,109890.34,109890.33,109890.32,109890.0,109889.82,4.21986,0.01032,0.0001,0.001,5e-05,0.0001,0.14533,0.3003,5e-05,5e-05,109891.59,109891.6,109891.67,109891.93,109891.94,109892.68,109892.78,109892.79,109892.8,109893.1,2.42636,0.00075,0.0001,0.0003,0.03158,0.00105,0.0001,0.19682,0.3003,5e-05
1761260733442,109891.58,109891.57,109891.51,109890.49,109890.44,109890.34,109890.33,109890.32,109890.0,109889.82,4.44735,0.01032,0.0001,0.001,5e-05,0.0001,0.14533,0.3003,5e-05,5e-05,109891.59,109891.6,109891.67,109891.93,109891.94,109892.68,109892.78,109892.79,109892.8,109893.1,2.01607,0.00075,0.0001,0.0003,0.03158,0.00105,0.0001,0.19682,0.3003,5e-05
1761260733542,109891.58,109891.57,109891.51,109890.49,109890.44,109890.34,109890.33,109890.32,109890.0,109889.82,4.44735,0.01032,0.0001,0.001,5e-05,0.0001,0.14533,0.3003,5e-05,5e-05,109891.59,109891.6,109891.67,109891.93,109891.94,109892.68,109892.78,109892.79,109892.8,109893.1,2.01597,0.00065,0.0001,0.0003,0.03158,0.00105,0.0001,0.19682,0.3003,5e-05
1761260733643,109891.58,109891.57,109891.51,109890.49,109890.44,109890.34,109890.33,109890.32,109890.0,109889.82,4.44735,0.01032,0.0001,0.001,5e-05,0.0001,0.14533,0.3003,5e-05,5e-05,109891.59,109891.6,109891.67,109891.93,109891.94,109892.68,109892.78,109892.79,109892.8,109893.1,2.01597,0.00065,0.0001,0.0003,0.03158,0.00105,0.0001,0.19682,0.3003,5e-05
1761260733742,109891.58,109891.57,109891.51,109890.49,109890.44,109890.34,109890.33,109890.32,109890.0,109889.82,4.44735,0.01032,0.0001,0.001,5e-05,0.0001,0.14533,0.3003,5e-05,5e-05,109891.59,109891.6,109891.67,109891.93,109891.94,109892.68,109892.78,109892.79,109892.8,109893.1,2.01584,0.00065,0.0001,0.0003,0.03158,0.00105,0.0001,0.19682,0.3003,5e-05
1761260733843,109891.58,109891.57,109891.51,109890.49,109890.44,109890.34,109890.33,109890.32,109890.0,109889.82,4.44735,0.01032,0.0001,0.001,5e-05,0.0001,0.14533,0.3003,5e-05,5e-05,109891.59,109891.6,109891.67,109891.93,109891.94,109892.68,109892.78,109892.79,109892.8,109893.1,2.01584,0.00065,0.0001,0.0003,0.03158,0.00105,0.0001,0.19682,0.3003,5e-05
1761260733942,109891.58,109891.57,109891.51,109890.49,109890.44,109890.34,109890.33,109890.32,109890.0,109889.82,4.44735,0.01032,0.0001,0.001,5e-05,0.0001,0.14533,0.3003,5e-05,5e-05,109891.59,109891.6,109891.67,109891.93,109891.94,109892.68,109892.78,109892.79,109892.8,109893.1,2.01584,0.00065,0.0001,0.0003,0.03158,0.00105,0.0001,0.19682,0.3003,5e-05
1761260734042,109891.58,109891.57,109891.51,109890.49,109890.44,109890.34,109890.33,109890.32,109890.0,109889.82,4.44735,0.01032,0.0001,0.001,5e-05,0.0001,0.14533,0.3003,5e-05,5e-05,109891.59,109891.6,109891.67,109891.93,109891.94,109892.68,109892.78,109892.79,109892.8,109893.1,2.01584,0.00065,0.0001,0.0003,0.03158,0.00105,0.0001,0.19682,0.3003,5e-05
1761260734243,109891.58,109891.57,109891.51,109890.49,109890.44,109890.34,109890.33,109890.32,109890.0,109889.82,4.44735,0.01032,0.0001,0.001,5e-05,0.0001,0.14533,0.3003,5e-05,5e-05,109891.59,109891.6,109891.67,109891.93,109891.94,109892.68,109892.78,109892.79,109892.8,109893.1,2.01584,0.00065,0.0001,0.0003,0.03158,0.00105,0.0001,0.19682,0.3003,5e-05
1761260734343,109891.58,109891.57,109891.51,109890.49,109890.44,109890.34,109890.33,109890.32,109890.0,109889.82,4.44735,0.01032,0.0001,0.001,5e-05,0.0001,0.14533,0.3003,5e-05,5e-05,109891.59,109891.6,109891.67,109891.93,109891.94,109892.68,109892.78,109892.79,109892.8,109893.1,2.01584,0.00065,0.0001,0.0003,0.03158,0.00105,0.0001,0.19682,0.3003,5e-05
1761260734443,109891.58,109891.57,109891.51,109890.49,109890.44,109890.34,109890.33,109890.32,109890.0,109889.82,4.44735,0.01032,0.0001,0.001,5e-05,0.0001,0.14533,0.3003,5e-05,5e-05,109891.59,109891.6,109891.67,109891.93,109891.94,109892.68,109892.78,109892.79,109892.8,109893.1,2.01584,0.00065,0.0001,0.0003,0.03158,0.00105,0.0001,0.19682,0.3003,5e-05
1761260734542,109891.58,109891.57,109891.51,109890.49,109890.44,109890.34,109890.33,109890.32,109890.0,109889.82,4.44735,0.01032,0.0001,0.001,5e-05,0.0001,0.14533,0.3003,5e-05,5e-05,109891.59,109891.6,109891.67,109891.93,109891.94,109892.68,109892.78,109892.79,109892.8,109893.1,2.01589,0.00065,0.0001,0.0003,0.03158,0.00105,0.0001,0.19682,0.3003,5e-05
1761260734642,109891.58,109891.57,109891.51,109890.49,109890.44,109890.34,109890.33,109890.32,109890.0,109889.82,4.44735,0.01032,0.0001,0.001,5e-05,0.0001,0.14533,0.3003,5e-05,5e-05,109891.59,109891.6,109891.67,109891.93,109891.94,109892.68,109892.78,109892.79,109892.8,109893.1,2.016,0.00065,0.0001,0.0003,0.03158,0.00105,0.0001,0.19682,0.3003,5e-05
1761260734843,109891.58,109891.57,109891.51,109890.49,109890.44,109890.34,109890.33,109890.32,109890.0,109889.82,4.44735,0.01032,0.0001,0.001,5e-05,0.0001,0.14533,0.3003,5e-05,5e-05,109891.59,109891.6,109891.67,109891.93,109891.94,109892.68,109892.78,109892.79,109892.8,109893.1,2.016,0.00065,0.0001,0.0003,0.03158,0.00105,0.0001,0.19682,0.3003,5e-05
1761260734942,109891.58,109891.57,109891.51,109890.49,109890.44,109890.34,109890.33,109890.32,109890.0,109889.82,4.44735,0.01032,0.0001,0.001,5e-05,0.0001,0.14533,0.3003,5e-05,5e-05,109891.59,109891.6,109891.67,109891.93,109891.94,109892.68,109892.78,109892.79,109892.8,109893.1,2.016,0.00065,0.0001,0.0003,0.03158,0.00105,0.0001,0.19682,0.3003,5e-05
1761260735042,109891.58,109891.57,109891.51,109890.49,109890.44,109890.34,109890.33,109890.32,109890.0,109889.82,4.44735,0.01032,0.0001,0.001,5e-05,0.0001,0.14533,0.3003,5e-05,5e-05,109891.59,109891.6,109891.67,109891.93,109891.94,109892.68,109892.78,109892.79,109892.8,109893.1,2.01605,0.00065,0.0001,0.0003,0.03158,0.00105,0.0001,0.19682,0.3003,5e-05
1761260735143,109891.58,109891.57,109891.51,109890.49,109890.44,109890.34,109890.33,109890.32,109890.0,109889.82,4.44735,0.01032,0.0001,0.001,5e-05,0.0001,0.14533,0.3003,5e-05,5e-05,109891.59,109891.6,109891.67,109891.93,109891.94,109892.68,109892.78,109892.79,109892.8,109893.1,2.01605,0.00065,0.0001,0.0003,0.03158,0.00105,0.0001,0.19682,0.3003,5e-05
1761260735242,109891.58,109891.57,109891.51,109890.49,109890.44,109890.34,109890.33,109890.32,109890.0,109889.82,4.44735,0.01032,0.0001,0.001,5e-05,0.0001,0.14533,0.3003,5e-05,5e-05,109891.59,109891.6,109891.67,109891.93,109891.94,109892.68,109892.78,109892.79,109892.8,109893.1,2.01605,0.00065,0.0001,0.0003,0.03158,0.00105,0.0001,0.19682,0.3003,5e-05
1761260735342,109891.58,109891.57,109891.51,109890.49,109890.44,109890.34,109890.33,109890.32,109890.0,109889.82,4.44735,0.01032,0.0001,0.001,5e-05,0.0001,0.14533,0.3003,5e-05,5e-05,109891.59,109891.6,109891.67,109891.93,109891.94,109892.68,109892.78,109892.79,109892.8,109893.1,2.01605,0.00065,0.0001,0.0003,0.03158,0.00105,0.0001,0.19682,0.3003,5e-05
1761260735442,109891.58,109891.57,109891.51,109890.49,109890.44,109890.34,109890.33,109890.32,109890.0,109889.82,4.44735,0.01032,0.0001,0.001,5e-05,0.0001,0.14533,0.3003,5e-05,5e-05,109891.59,109891.6,109891.67,109891.93,109891.94,109892.68,109892.78,109892.79,109892.8,109893.1,2.01605,0.00065,0.0001,0.0003,0.03158,0.00105,0.0001,0.19682,0.3003,5e-05
1761260735542,109891.58,109891.57,109891.51,109890.49,109890.44,109890.34,109890.33,109890.32,109890.0,109889.82,4.44735,0.01032,0.0001,0.001,5e-05,0.0001,0.14533,0.3003,5e-05,5e-05,109891.59,109891.6,109891.67,109891.93,109891.94,109892.68,109892.78,109892.79,109892.8,109893.1,2.0174,0.00065,0.0001,0.0003,0.03158,0.00105,0.0001,0.19682,0.3003,5e-05
1761260735642,109891.58,109891.57,109891.51,109890.49,109890.44,109890.34,109890.33,109890.32,109890.0,109889.82,4.44735,0.01032,0.0001,0.001,5e-05,0.0001,0.14533,0.3003,5e-05,5e-05,109891.59,109891.6,109891.67,109891.93,109891.94,109892.68,109892.78,109892.79,109892.8,109893.1,2.0174,0.00065,0.0001,0.0003,0.03158,0.00105,0.0001,0.19682,0.3003,5e-05
1761260735742,109891.58,109891.57,109891.51,109890.49,109890.44,109890.34,109890.33,109890.32,109890.0,109889.82,4.44735,0.01032,0.0001,0.001,5e-05,0.0001,0.14533,0.3003,5e-05,5e-05,109891.59,109891.6,109891.67,109891.93,109891.94,109892.68,109892.78,109892.79,109892.8,109893.1,2.0174,0.00065,0.0001,0.0003,0.03158,0.00105,0.0001,0.19682,0.3003,5e-05
1761260735842,109891.58,109891.57,109891.51,109890.49,109890.44,109890.34,109890.33,109890.32,109890.0,109889.82,4.44735,0.01032,0.0001,0.001,5e-05,0.0001,0.14533,0.3003,5e-05,5e-05,109891.59,109891.6,109891.67,109891.93,109891.94,109892.68,109892.78,109892.79,109892.8,109893.1,2.0174,0.00065,0.0001,0.0003,0.03158,0.00105,0.0001,0.19682,0.3003,5e-05
1761260735944,109891.58,109891.57,109891.51,109890.49,109890.44,109890.34,109890.33,109890.32,109890.0,109889.82,4.44735,0.01032,0.0001,0.001,5e-05,0.0001,0.14533,0.3003,5e-05,5e-05,109891.59,109891.6,109891.67,109891.93,109891.94,109892.68,109892.78,109892.79,109892.8,109893.1,2.0174,0.00065,0.0001,0.0003,0.03158,0.00105,0.0001,0.19682,0.3003,5e-05
1761260736043,109891.58,109891.57,109891.51,109890.49,109890.44,109890.34,109890.33,109890.32,109890.0,109889.82,4.44735,0.01032,0.0001,0.001,5e-05,0.0001,0.14533,0.3003,5e-05,5e-05,109891.59,109891.6,109891.67,109891.93,109891.94,109892.68,109892.78,109892.79,109892.8,109893.1,2.01838,0.00065,0.0001,0.0003,0.03158,0.00105,0.0001,0.19682,0.3003,5e-05
1761260736144,109891.58,109891.57,109891.51,109890.49,109890.44,109890.34,109890.33,109890.32,109890.0,109889.82,4.44735,0.01032,0.0001,0.001,5e-05,0.0001,0.14533,0.3003,5e-05,5e-05,109891.59,109891.6,109891.67,109891.93,109891.94,109892.68,109892.78,109892.79,109892.8,109893.1,2.01857,0.00065,0.0001,0.0003,0.03158,0.00105,0.0001,0.19682,0.3003,5e-05
1761260736243,109891.58,109891.57,109891.51,109890.49,109890.44,109890.34,109890.33,109890.32,109890.0,109889.82,4.44735,0.01032,0.0001,0.001,5e-05,0.0001,0.14533,0.3003,5e-05,5e-05,109891.59,109891.6,109891.67,109891.93,109891.94,109892.68,109892.78,109892.79,109892.8,109893.1,2.01857,0.00065,0.0001,0.0003,0.03158,0.00105,0.0001,0.19682,0.3003,5e-05
1761260736345,109891.58,109891.57,109891.51,109890.49,109890.44,109890.34,109890.33,109890.32,109890.0,109889.82,4.44714,0.01032,0.0001,0.001,5e-05,0.0001,0.14533,0.3003,5e-05,5e-05,109891.59,109891.6,109891.67,109891.93,109891.94,109892.68,109892.78,109892.79,109892.8,109893.1,2.01857,0.00065,0.0001,0.0003,0.03158,0.00105,0.0001,0.19682,0.3003,5e-05
1761260736443,109891.58,109891.57,109891.51,109890.49,109890.44,109890.34,109890.33,109890.32,109890.0,109889.82,4.44695,0.01032,0.0001,0.001,5e-05,0.0001,0.14533,0.3003,5e-05,5e-05,109891.59,109891.6,109891.67,109891.93,109891.94,109892.68,109892.78,109892.79,109892.8,109893.1,2.01857,0.00065,0.0001,0.0003,0.03158,0.00105,0.0001,0.19682,0.3003,5e-05
1761260736542,109891.58,109891.57,109891.51,109890.49,109890.44,109890.34,109890.33,109890.32,109890.0,109889.82,4.44695,0.01032,0.0001,0.001,5e-05,0.0001,0.14533,0.3003,5e-05,5e-05,109891.59,109891.6,109891.67,109891.93,109891.94,109892.68,109892.78,109892.79,109892.8,109893.1,2.01862,0.0007,0.0001,0.0003,0.03158,0.00105,0.0001,0.19682,0.3003,5e-05
1761260736643,109891.58,109891.57,109891.51,109890.49,109890.44,109890.34,109890.33,109890.32,109890.0,109889.82,4.44695,0.01032,0.0001,0.001,5e-05,0.0001,0.14533,0.3003,5e-05,5e-05,109891.59,109891.6,109891.67,109891.93,109891.94,109892.68,109892.78,109892.79,109892.8,109893.1,2.01862,0.0007,0.0001,0.0003,0.03158,0.00105,0.0001,0.19682,0.3003,5e-05
1761260736742,109891.58,109891.57,109891.51,109890.49,109890.44,109890.34,109890.33,109890.32,109890.0,109889.82,4.44695,0.01032,0.0001,0.001,5e-05,0.0001,0.14533,0.3003,5e-05,5e-05,109891.59,109891.6,109891.67,109891.93,109891.94,109892.68,109892.78,109892.79,109892.8,109893.1,2.01862,0.0007,0.0001,0.0003,0.03158,0.00105,0.0001,0.19682,0.3003,5e-05
1761260736842,109891.58,109891.57,109891.51,109890.49,109890.44,109890.34,109890.33,109890.32,109890.0,109889.82,4.44695,0.01032,0.0001,0.001,5e-05,0.0001,0.14533,0.3003,5e-05,5e-05,109891.59,109891.6,109891.67,109891.93,109891.94,109892.68,109892.78,109892.79,109892.8,109893.1,2.01862,0.0007,0.0001,0.0003,0.03158,0.00105,0.0001,0.19682,0.3003,5e-05
1761260736942,109891.58,109891.57,109891.51,109890.49,109890.44,109890.34,109890.33,109890.32,109890.0,109889.82,4.44695,0.01032,0.0001,0.001,5e-05,0.0001,0.14533,0.3003,5e-05,5e-05,109891.59,109891.6,109891.67,109891.93,109891.94,109892.68,109892.78,109892.79,109892.8,109893.1,2.01862,0.0007,0.0001,0.0003,0.03158,0.00105,0.0001,0.19682,0.3003,5e-05
1761260737042,109891.58,109891.57,109891.51,109890.49,109890.44,109890.34,109890.33,109890.32,109890.0,109889.82,4.44695,0.01032,0.0001,0.001,5e-05,0.0001,0.14533,0.3003,5e-05,5e-05,109891.59,109891.6,109891.67,109891.93,109891.94,109892.68,109892.78,109892.79,109892.8,109893.1,2.01862,0.0007,0.0001,0.0003,0.03158,0.00105,0.0001,0.19682,0.3003,5e-05
1761260737142,109891.58,109891.57,109891.51,109890.49,109890.44,109890.34,109890.33,109890.32,109890.0,109889.82,4.44216,0.01032,0.0001,0.001,5e-05,0.0001,0.14533,0.3003,5e-05,5e-05,109891.59,109891.6,109891.67,109891.93,109891.94,109892.68,109892.78,109892.79,109892.8,109893.1,2.02028,0.0007,0.0001,0.0003,0.03158,0.00105,0.0001,0.19682,0.0001,5e-05
1761260737242,109891.58,109891.57,109891.51,109890.49,109890.44,109890.34,109890.33,109890.32,109890.0,109889.82,4.44216,0.01032,0.0001,0.001,5e-05,0.0001,0.14533,0.3003,5e-05,5e-05,109891.59,109891.6,109891.67,109891.93,109891.94,109892.68,109892.78,109892.79,109893.1,109893.3,2.02023,0.00065,0.0001,0.0003,0.03158,0.00105,0.0001,0.19672,5e-05,6e-05
1761260737442,109891.58,109891.57,109891.51,109890.49,109890.44,109890.34,109890.33,109890.32,109890.0,109889.82,4.44216,0.01032,0.0001,0.001,5e-05,0.0001,0.14533,0.3003,5e-05,5e-05,109891.59,109891.6,109891.67,109891.93,109891.94,109892.68,109892.78,109892.79,109893.1,109893.3,2.02005,0.00065,0.0001,0.0003,0.03158,0.00105,0.0001,0.19672,5e-05,6e-05
1761260737542,109891.58,109891.57,109891.51,109890.49,109890.44,109890.34,109890.33,109890.32,109890.0,109889.82,3.36272,0.01032,0.0001,0.001,5e-05,0.0001,0.14533,0.3003,5e-05,5e-05,109891.59,109891.6,109891.67,109891.93,109891.94,109892.68,109892.78,109892.79,109893.1,109893.3,2.02005,0.00065,0.0001,0.0003,0.03158,0.00105,0.0001,0.19672,5e-05,6e-05
1761260737642,109891.58,109891.57,109891.51,109890.49,109890.44,109890.34,109890.33,109890.32,109890.0,109889.82,3.36306,0.01032,0.0001,0.001,5e-05,0.0001,0.14533,0.3003,5e-05,5e-05,109891.59,109891.6,109891.67,109891.93,109891.94,109892.68,109892.78,109892.79,109893.1,109893.3,2.02005,0.00065,0.0001,0.0003,0.03158,0.00105,0.0001,0.19672,5e-05,6e-05
1761260737742,109891.58,109891.57,109891.51,109890.49,109890.44,109890.34,109890.33,109890.32,109890.0,109889.82,3.35531,0.01032,0.0001,0.001,5e-05,0.0001,0.14533,0.3003,5e-05,5e-05,109891.59,109891.6,109891.67,109891.93,109891.94,109892.68,109892.78,109892.79,109893.1,109893.3,2.02005,0.00065,0.0001,0.0003,0.03158,0.00105,0.0001,0.19672,5e-05,6e-05
1761260737844,109891.58,109891.57,109891.51,109890.49,109890.44,109890.34,109890.33,109890.32,109890.0,109889.82,3.35531,0.01032,0.0001,0.001,5e-05,0.0001,0.14533,0.3003,5e-05,5e-05,109891.59,109891.6,109891.67,109891.93,109891.94,109892.68,109892.78,109892.79,109893.1,109893.3,2.02005,0.00065,0.0001,0.0003,0.03158,0.00105,0.0001,0.19672,5e-05,6e-05
1761260737942,109891.58,109891.57,109891.51,109890.49,109890.44,109890.34,109890.33,109890.32,109890.0,109889.82,3.35531,0.01032,0.0001,0.001,5e-05,0.0001,0.14533,0.3003,5e-05,5e-05,109891.59,109891.6,109891.67,109891.93,109891.94,109892.68,109892.78,109892.79,109893.1,109893.3,2.02005,0.00065,0.0001,0.0003,0.03158,0.00105,0.0001,0.19672,5e-05,6e-05
1761260738043,109891.58,109891.57,109891.51,109890.49,109890.44,109890.34,109890.33,109890.32,109890.0,109889.82,3.35531,0.01032,0.0001,0.001,5e-05,0.0001,0.14533,0.3003,5e-05,5e-05,109891.59,109891.6,109891.67,109891.93,109891.94,109892.68,109892.78,109892.79,109893.1,109893.3,2.02005,0.00065,0.0001,0.0003,0.03158,0.00105,0.0001,0.19672,5e-05,6e-05
1761260738142,109891.58,109891.57,109891.51,109890.49,109890.44,109890.34,109890.33,109890.32,109890.0,109889.82,3.35531,0.01032,0.0001,0.001,5e-05,0.0001,0.14533,0.3003,5e-05,5e-05,109891.59,109891.6,109891.67,109891.93,109891.94,109892.68,109892.78,109892.79,109893.1,109893.3,2.02005,0.00065,0.0001,0.0003,0.03158,0.00105,0.0001,0.19672,5e-05,6e-05
1761260738244,109891.58,109891.57,109891.51,109890.49,109890.44,109890.34,109890.33,109890.32,109890.0,109889.82,4.43471,0.01032,0.0001,0.001,5e-05,0.0001,0.14533,0.3003,5e-05,5e-05,109891.59,109891.6,109891.67,109891.93,109891.94,109892.68,109892.78,109892.79,109893.1,109893.3,2.0201,0.00065,0.0001,0.0003,0.03158,0.00105,0.0001,0.19672,5e-05,6e-05
1761260738343,109891.58,109891.57,109891.51,109890.49,109890.44,109890.34,109890.33,109890.32,109890.0,109889.82,4.43471,0.01032,0.0001,0.001,5e-05,0.0001,0.14533,0.3003,5e-05,5e-05,109891.59,109891.6,109891.67,109891.93,109891.94,109892.68,109892.78,109892.79,109893.1,109893.3,2.0201,0.00065,0.0001,0.0003,0.03158,0.00105,0.0001,0.19672,5e-05,6e-05
1761260738442,109891.58,109891.57,109891.51,109890.49,109890.44,109890.34,109890.33,109890.32,109890.0,109889.82,4.43471,0.01032,0.0001,0.001,5e-05,0.0001,0.14533,0.3003,5e-05,5e-05,109891.59,109891.6,109891.67,109891.93,109891.94,109892.68,109892.78,109892.79,109893.1,109893.3,2.0201,0.00065,0.0001,0.0003,0.03158,0.00105,0.0001,0.19672,5e-05,6e-05
1761260738543,109891.58,109891.57,109891.51,109890.49,109890.44,109890.34,109890.33,109890.32,109890.0,109889.82,4.43471,0.01032,0.0001,0.001,5e-05,0.0001,0.14533,0.3003,5e-05,5e-05,109891.59,109891.6,109891.67,109891.93,109891.94,109892.68,109892.78,109892.79,109893.1,109893.3,2.0201,0.00065,0.0001,0.0003,0.03158,0.00105,0.0001,0.19672,5e-05,6e-05
1761260738642,109891.58,109891.57,109891.51,109890.49,109890.44,109890.34,109890.33,109890.32,109890.0,109889.82,4.43471,0.01032,0.0001,0.001,5e-05,0.0001,0.14533,0.3003,5e-05,5e-05,109891.59,109891.6,109891.67,109891.93,109891.94,109892.68,109892.78,109892.79,109892.81,109893.1,2.3351,0.00065,0.0001,0.0003,0.03158,0.00105,0.0001,0.19672,0.3002,5e-05
1761260738746,109891.58,109891.57,109891.51,109890.49,109890.44,109890.34,109890.33,109890.32,109890.0,109889.82,4.43471,0.01032,0.0001,0.001,5e-05,0.0001,0.14533,0.3003,5e-05,5e-05,109891.59,109891.6,109891.67,109891.93,109891.94,109892.68,109892.78,109892.79,109892.8,109892.81,2.33515,0.0007,0.0001,0.0003,0.03158,0.00105,0.0001,0.19672,0.0001,0.3003
1761260738943,109891.58,109891.57,109891.51,109890.49,109890.44,109890.34,109890.33,109890.32,109890.0,109889.82,4.43201,0.01032,0.0001,0.001,5e-05,0.0001,0.14533,0.3003,5e-05,5e-05,109891.59,109891.6,109891.67,109891.93,109891.94,109892.68,109892.78,109892.79,109892.8,109892.81,2.33515,0.0007,0.0001,0.0003,0.03158,0.00105,0.0001,0.19672,0.0001,0.3003
1761260739043,109891.58,109891.57,109891.51,109890.49,109890.44,109890.34,109890.33,109890.32,109890.0,109889.82,4.43201,0.01032,0.0001,0.001,5e-05,0.0001,0.14533,0.3003,5e-05,5e-05,109891.59,109891.6,109891.67,109891.93,109891.94,109892.68,109892.78,109892.79,109892.8,109892.81,2.33515,0.0007,0.0001,0.0003,0.03158,0.00105,0.0001,0.19672,0.0001,0.3003
1761260739142,109891.58,109891.57,109891.51,109890.49,109890.44,109890.34,109890.33,109890.32,109890.0,109889.82,4.43201,0.01032,0.0001,0.001,5e-05,0.0001,0.14533,0.3003,5e-05,5e-05,109891.59,109891.6,109891.67,109891.93,109891.94,109892.68,109892.78,109892.79,109892.8,109892.81,2.33515,0.0007,0.0001,0.0003,0.03158,0.00105,0.0001,0.19672,0.0001,0.3003
1761260739243,109891.58,109891.57,109891.51,109890.49,109890.44,109890.34,109890.33,109890.32,109890.0,109889.82,4.43198,0.01032,0.0001,0.001,5e-05,0.0001,0.14533,0.3003,5e-05,5e-05,109891.59,109891.6,109891.67,109891.93,109891.94,109892.68,109892.78,109892.79,109892.8,109892.81,2.33515,0.0007,0.0001,0.0003,0.03158,0.00105,0.0001,0.19672,0.0001,0.3003
1761260739342,109891.58,109891.57,109891.51,109890.49,109890.44,109890.34,109890.33,109890.32,109890.0,109889.82,3.35224,0.01032,0.0001,0.001,5e-05,0.0001,0.14533,0.3003,5e-05,5e-05,109891.59,109891.6,109891.67,109891.93,109891.94,109892.68,109892.78,109892.79,109892.8,109892.81,2.45725,0.0007,0.0001,0.0003,0.03158,0.00105,0.0001,0.19672,0.0001,0.3003
1761260739442,109891.58,109891.57,109891.51,109890.49,109890.44,109890.34,109890.33,109890.32,109890.0,109889.82,3.34995,0.01032,0.0001,0.001,5e-05,0.0001,0.14533,0.3003,5e-05,5e-05,109891.59,109891.6,109891.67,109891.93,109891.94,109892.68,109892.78,109892.79,109892.8,109892.81,2.45725,0.0007,0.0001,0.0003,0.03158,0.00105,0.0001,0.19672,0.0001,0.3003
1761260739542,109891.58,109891.57,109891.51,109890.49,109890.44,109890.34,109890.33,109890.32,109890.0,109889.82,3.34995,0.01032,0.0001,0.001,5e-05,0.0001,0.14533,0.3003,5e-05,5e-05,109891.59,109891.6,109891.67,109891.93,109891.94,109892.68,109892.78,109892.79,109892.8,109892.81,2.45725,0.0007,0.0001,0.0003,0.03158,0.00105,0.0001,0.19672,0.0001,0.3003
1761260739642,109891.58,109891.57,109891.51,109890.49,109890.44,109890.34,109890.33,109890.32,109890.0,109889.82,3.34995,0.01032,0.0001,0.001,5e-05,0.0001,0.14533,0.3003,5e-05,5e-05,109891.59,109891.6,109891.67,109891.93,109891.94,109892.68,109892.78,109892.79,109892.8,109892.81,2.45725,0.0007,0.0001,0.0003,0.03158,0.00105,0.0001,0.19672,0.0001,0.3003
1761260739742,109891.58,109891.57,109891.51,109890.49,109890.44,109890.34,109890.33,109890.32,109890.0,109889.82,3.40407,0.01032,0.0001,0.001,5e-05,0.0001,0.14533,0.3003,5e-05,5e-05,109891.59,109891.6,109891.67,109891.93,109891.94,109892.68,109892.78,109892.79,109892.8,109892.81,2.45725,0.0007,0.0001,0.0003,0.03158,0.00105,0.0001,0.19672,0.0001,0.3003
1761260739842,109891.58,109891.57,109891.51,109890.49,109890.44,109890.34,109890.33,109890.32,109890.0,109889.82,3.40407,0.01032,0.0001,0.001,5e-05,0.0001,0.14533,0.3003,5e-05,5e-05,109891.59,109891.6,109891.67,109891.93,109891.94,109892.68,109892.78,109892.79,109892.8,109892.81,2.33515,0.0007,0.0001,0.0003,0.03158,0.00105,0.0001,0.19672,0.0001,0.3003
1761260739942,109891.58,109891.57,109891.51,109890.49,109890.44,109890.34,109890.33,109890.32,109890.0,109889.82,3.40407,0.01032,0.0001,0.001,5e-05,0.0001,0.14533,0.3003,5e-05,5e-05,109891.59,109891.6,109891.67,109891.93,109891.94,109892.68,109892.78,109892.79,109892.8,109892.81,2.33515,0.0007,0.0001,0.0003,0.03158,0.00105,0.0001,0.19672,0.0001,0.3003
1761260740064,109891.58,109891.57,109891.51,109890.49,109890.44,109890.34,109890.33,109890.32,109890.0,109889.82,3.40407,0.01032,0.0001,0.001,5e-05,0.0001,0.14533,0.3003,5e-05,5e-05,109891.59,109891.6,109891.67,109891.93,109891.94,109892.68,109892.78,109892.79,109892.8,109892.81,2.38267,0.0007,0.0001,0.0003,0.03158,0.00105,0.0001,0.19672,0.0001,0.3003
1761260740142,109891.58,109891.57,109891.51,109890.49,109890.44,109890.34,109890.33,109890.32,109890.0,109889.82,3.40407,0.01032,0.0001,0.001,5e-05,0.0001,0.14533,0.3003,5e-05,5e-05,109891.59,109891.6,109891.67,109891.93,109891.94,109892.68,109892.78,109892.79,109892.8,109892.81,2.38267,0.0007,0.0001,0.0003,0.03158,0.00105,0.0001,0.19672,0.0001,0.3003
1761260740271,109891.58,109891.57,109891.51,109890.49,109890.44,109890.34,109890.33,109890.32,109890.0,109889.82,4.48347,0.01032,0.0001,0.001,5e-05,0.0001,0.14533,0.3003,5e-05,5e-05,109891.59,109891.6,109891.67,109891.93,109891.94,109892.68,109892.78,109892.79,109892.8,109892.81,2.38267,0.0007,0.0001,0.0003,0.03158,0.00105,0.0001,0.19672,0.0001,0.3003
1761260740343,109891.58,109891.57,109891.51,109890.49,109890.44,109890.34,109890.33,109890.32,109890.0,109889.82,4.48347,0.01032,0.0001,0.001,5e-05,0.0001,0.14533,0.3003,5e-05,5e-05,109891.59,109891.6,109891.67,109891.93,109891.94,109892.68,109892.78,109892.79,109892.8,109892.81,2.38267,0.0007,0.0001,0.0003,0.03158,0.00105,0.0001,0.19672,0.0001,0.3003
1761260740442,109891.58,109891.57,109891.51,109890.49,109890.44,109890.34,109890.33,109890.32,109890.0,109889.82,4.48347,0.01032,0.0001,0.001,5e-05,0.0001,0.14533,0.3003,5e-05,5e-05,109891.59,109891.6,109891.67,109891.93,109891.94,109892.68,109892.78,109892.79,109892.8,109892.81,2.06767,0.0007,0.0001,0.0003,0.03158,0.00105,0.0001,0.19672,0.0001,0.3003
1761260740545,109891.58,109891.57,109891.51,109890.49,109890.44,109890.34,109890.33,109890.32,109890.0,109889.82,3.40373,0.01032,0.0001,0.001,5e-05,0.0001,0.14533,0.3003,5e-05,5e-05,109891.59,109891.6,109891.67,109891.93,109891.94,109892.68,109892.78,109892.79,109892.8,109892.81,2.06755,0.0007,0.0001,0.0003,0.03158,0.00105,0.0001,0.19672,0.0001,0.3003
1761260740642,109891.58,109891.57,109891.51,109890.49,109890.44,109890.34,109890.33,109890.32,109890.0,109889.82,3.40402,0.01032,0.0001,0.001,5e-05,0.0001,0.14533,0.3003,5e-05,5e-05,109891.59,109891.6,109891.67,109891.93,109891.94,109892.68,109892.78,109892.79,109892.8,109892.81,2.06755,0.00065,0.0001,0.0003,0.03158,0.00105,0.0001,0.19672,0.0001,0.3003
