ts,bid1,bid2,bid3,bid4,bid5,bid6,bid7,bid8,bid9,bid10,bid1_qty,bid2_qty,bid3_qty,bid4_qty,bid5_qty,bid6_qty,bid7_qty,bid8_qty,bid9_qty,bid10_qty,ask1,ask2,ask3,ask4,ask5,ask6,ask7,ask8,ask9,ask10,ask1_qty,ask2_qty,ask3_qty,ask4_qty,ask5_qty,ask6_qty,ask7_qty,ask8_qty,ask9_qty,ask10_qty
1761314400082,110937.94,110937.93,110937.86,110936.84,110936.22,110936.21,110935.76,110935.75,110935.17,110934.65,0.32661,0.00494,0.0001,0.00119,0.0001,0.0001,0.00514,5e-05,0.00198,5e-05,110937.95,110937.96,110938.0,110938.03,110939.07,110939.24,110939.32,110939.34,110939.62,110939.95,2.52384,0.01981,0.0017,0.0001,5e-05,5e-05,0.0004,0.0001,0.06748,0.45937
1761314400182,110937.94,110937.93,110937.86,110936.84,110935.76,110935.75,110935.17,110934.65,110933.51,110932.39,0.51446,0.00494,0.0001,0.00119,0.00519,5e-05,0.00203,5e-05,0.00361,0.00014,110937.95,110937.96,110938.0,110938.03,110939.07,110939.24,110939.32,110939.61,110939.62,110939.94,2.65055,0.01981,0.0017,0.0001,5e-05,5e-05,0.0004,0.0001,0.06763,0.17904
1761314400282,110937.94,110937.93,110937.86,110936.84,110935.76,110935.75,110935.17,110934.65,110933.51,110932.39,0.51262,0.00494,0.0001,0.00119,0.00519,5e-05,0.00203,5e-05,0.00361,0.00014,110937.95,110937.96,110938.0,110938.03,110939.07,110939.24,110939.32,110939.61,110939.62,110939.93,2.64991,0.01981,0.0017,0.0001,5e-05,5e-05,0.0004,0.0001,0.06763,0.0001
1761314400382,110937.94,110937.93,110937.86,110937.5,110936.84,110935.76,110935.75,110935.17,110934.65,110933.51,1.30602,0.00434,0.0001,0.03976,0.00119,0.00519,5e-05,0.00203,5e-05,0.00361,110937.95,110937.96,110938.0,110938.03,110939.07,110939.24,110939.32,110939.61,110939.62,110939.93,2.22358,0.01981,0.0017,0.0001,5e-05,5e-05,0.0004,0.0001,0.00015,0.0001
1761314400483,110937.93,110937.92,110937.86,110937.51,110937.5,110936.84,110935.76,110935.75,110935.17,110934.65,0.00657,0.0009,0.0001,0.0001,0.00025,0.00119,0.00519,5e-05,0.00203,5e-05,110937.94,110937.95,110937.96,110938.0,110938.03,110938.86,110939.07,110939.24,110939.32,110939.93,4.64869,0.63208,0.01981,0.00165,0.0001,0.06748,5e-05,5e-05,0.0004,0.01386
1761314400583,110933.51,110932.39,110931.48,110931.29,110929.0,110927.6,110926.85,110926.84,110926.0,110925.99,0.0013,0.00014,5e-05,0.00556,5e-05,5e-05,0.00053,0.003,0.0001,0.09953,110933.52,110935.18,110935.77,110935.78,110935.85,110936.84,110936.85,110937.5,110937.51,110937.84,1.13011,1.40935,4.71395,0.00046,0.0001,0.0001,0.0001,0.0001,0.0001,0.0025
1761314400683,110931.29,110931.28,110929.26,110929.0,110928.26,110926.85,110926.84,110926.0,110925.99,110925.29,0.02668,0.0009,0.0001,5e-05,0.0001,0.00073,0.0032,0.0001,0.00015,5e-05,110931.3,110931.38,110931.49,110931.5,110932.39,110932.4,110933.4,110933.51,110933.52,110935.18,5.54964,0.0001,0.00065,0.00043,0.44951,0.0401,0.0025,0.03825,0.49045,0.0001
1761314400783,110924.67,110924.66,110924.6,110924.57,110924.35,110924.34,110924.33,110924.32,110924.31,110924.3,1.09659,0.00085,0.0003,0.0002,0.0001,0.04616,0.20395,0.04526,0.04521,0.04516,110924.68,110924.69,110924.76,110928.34,110928.96,110929.59,110931.29,110931.3,110931.42,110931.49,3.55661,0.11067,0.0001,0.00041,0.0025,0.01776,0.0001,0.39971,0.04811,0.0001
1761314400882,110924.67,110924.66,110924.6,110924.35,110924.34,110924.33,110924.32,110924.31,110924.3,110924.29,0.41742,0.00095,0.0003,0.0001,0.04616,0.20395,0.04526,0.04521,0.04516,0.04516,110924.68,110924.69,110924.76,110928.34,110928.96,110929.31,110929.58,110929.59,110931.29,110931.3,3.55161,0.11087,0.0001,0.00051,0.00255,0.04082,0.0001,0.00015,0.0001,0.36412
1761314400982,110924.67,110924.66,110924.6,110924.35,110924.34,110924.33,110924.32,110924.31,110924.3,110924.29,0.50062,0.00095,0.0003,0.0001,0.04616,0.20395,0.04526,0.04521,0.04516,0.04516,110924.68,110924.69,110924.76,110928.34,110928.96,110929.3,110929.31,110931.29,110931.3,110932.37,3.48385,0.11087,0.0001,0.00051,0.00255,0.0001,0.04097,0.0001,0.32412,0.0001
1761314401082,110924.67,110924.66,110924.6,110924.35,110924.34,110924.33,110924.32,110924.31,110924.3,110924.29,0.71872,0.001,0.0003,0.0001,0.04616,0.20395,0.04526,0.04521,0.04516,0.04516,110924.68,110924.69,110924.76,110928.34,110928.96,110929.3,110929.31,110931.29,110931.3,110932.37,3.48385,0.11087,0.0001,0.00051,0.00255,0.0001,0.00015,0.0001,0.31961,0.0001
1761314401182,110924.67,110924.66,110924.6,110924.35,110924.34,110924.33,110924.32,110924.31,110924.3,110924.29,0.76438,0.00095,0.0003,0.0001,0.04616,0.20395,0.04526,0.04521,0.04516,0.04516,110924.68,110924.69,110924.76,110928.34,110928.96,110929.33,110931.29,110931.3,110932.37,110932.38,3.49014,0.11087,0.0001,0.00051,5e-05,0.04122,0.14025,0.31966,0.0001,0.0001
1761314401282,110924.67,110924.66,110924.6,110924.35,110924.34,110924.33,110924.32,110924.31,110924.3,110924.29,0.76438,0.00095,0.0003,0.0001,0.04616,0.20395,0.04526,0.04521,0.04516,0.04516,110924.68,110924.69,110924.76,110928.34,110929.32,110929.33,110929.35,110931.28,110931.29,110931.3,3.49475,0.11087,0.0001,0.00051,0.0001,0.00015,0.04076,0.0001,0.09646,0.3151
1761314401382,110924.67,110924.66,110924.6,110924.35,110924.34,110924.33,110924.32,110924.31,110924.3,110924.29,0.76438,0.00561,0.0003,0.0001,0.04616,0.20395,0.04526,0.04521,0.04516,0.04516,110924.68,110924.69,110924.76,110928.34,110929.34,110929.35,110931.28,110931.29,110931.3,110932.71,3.4948,0.11087,0.0001,0.00051,0.0001,0.00015,0.0001,0.09646,0.3151,5e-05
1761314401482,110924.67,110924.66,110924.6,110924.35,110924.34,110924.33,110924.32,110924.31,110924.3,110924.29,0.76562,0.00571,0.0003,0.0001,0.04616,0.20395,0.04526,0.04516,0.04516,0.04516,110924.68,110924.69,110924.76,110928.34,110931.28,110931.29,110931.3,110932.71,110933.4,110933.5,3.49931,0.11087,0.0001,0.00051,0.0001,0.09646,0.31515,5e-05,0.0025,0.0001
1761314401583,110924.67,110924.66,110924.6,110924.35,110924.34,110924.33,110924.32,110924.31,110924.3,110924.29,0.71991,0.00571,0.0003,0.0001,0.04616,0.20395,0.04526,0.04516,0.04516,0.04516,110924.68,110924.69,110924.76,110928.34,110931.28,110931.29,110931.3,110932.71,110933.4,110933.5,3.49931,0.11087,0.0001,0.00051,0.0001,0.09646,0.31515,5e-05,0.0025,0.0001
1761314401682,110924.67,110924.66,110924.6,110924.35,110924.34,110924.33,110924.32,110924.31,110924.3,110924.29,0.86714,0.00576,0.0003,0.0001,0.04616,0.20395,0.04526,0.04516,0.04516,0.04516,110924.68,110924.69,110924.76,110928.34,110929.45,110931.28,110931.29,110931.3,110932.71,110933.31,3.58945,0.11087,0.0001,0.00051,0.03983,0.0001,0.09646,0.31515,5e-05,5e-05
1761314401782,110924.67,110924.66,110924.6,110924.35,110924.34,110924.33,110924.32,110924.31,110924.3,110924.29,0.86719,0.00581,0.0003,0.0001,0.04616,0.20395,0.04526,0.04516,0.04516,0.04516,110924.68,110924.69,110924.76,110928.34,110929.44,110929.45,110931.28,110931.29,110931.3,110931.88,3.74519,0.11087,0.0001,0.00051,5e-05,0.03998,0.0001,0.09646,0.3151,0.00037
1761314401882,110924.67,110924.66,110924.6,110924.35,110924.34,110924.33,110924.32,110924.31,110924.3,110924.29,0.8666,0.00581,0.0003,0.0001,0.04616,0.20395,0.04526,0.04516,0.04516,0.04516,110924.68,110924.69,110924.76,110928.34,110929.44,110929.45,110931.28,110931.29,110931.3,110931.88,3.74459,0.11087,0.0001,0.00051,5e-05,0.00015,0.0001,0.09646,0.3151,0.00037
1761314401983,110924.67,110924.66,110924.6,110924.35,110924.34,110924.33,110924.32,110924.31,110924.3,110924.29,0.8666,0.00581,0.0003,0.0001,0.04616,0.20395,0.04526,0.04516,0.04516,0.04516,110924.68,110924.69,110924.76,110928.34,110931.28,110931.29,110931.3,110931.88,110932.71,110933.31,3.74459,0.11087,0.0001,0.00051,0.0001,0.09646,0.31515,0.00037,5e-05,5e-05
1761314402082,110924.67,110924.66,110924.6,110924.35,110924.34,110924.33,110924.32,110924.31,110924.3,110924.29,0.8666,0.00581,0.0003,0.0001,0.04616,0.20395,0.04526,0.04516,0.04516,0.04516,110924.68,110924.69,110924.76,110928.34,110931.28,110931.29,110931.3,110931.88,110932.71,110933.31,3.74459,0.11087,0.0001,0.00051,0.0001,0.09646,0.31515,0.00037,5e-05,5e-05
1761314402182,110924.67,110924.66,110924.6,110924.35,110924.34,110924.33,110924.32,110924.31,110924.3,110924.29,0.8666,0.00581,0.0003,0.0001,0.04616,0.20395,0.04526,0.04516,0.04516,0.04516,110924.68,110924.69,110924.76,110928.34,110931.28,110931.29,110931.3,110931.88,110932.71,110933.31,3.74354,0.1199,0.0001,0.00051,0.0001,0.09646,0.31515,0.00037,5e-05,5e-05
1761314402282,110924.67,110924.66,110924.6,110924.35,110924.34,110924.33,110924.32,110924.31,110924.3,110924.29,0.8666,0.00581,0.0003,0.0001,0.04616,0.20395,0.04526,0.04516,0.04516,0.04516,110924.68,110924.69,110924.76,110928.34,110931.28,110931.29,110931.3,110931.88,110932.71,110933.31,3.74354,0.1199,0.0001,0.00051,0.0001,0.09646,0.31515,0.00037,5e-05,5e-05
1761314402383,110924.67,110924.66,110924.6,110924.35,110924.34,110924.33,110924.32,110924.31,110924.3,110924.29,0.8666,0.00581,0.0003,0.0001,0.04616,0.20395,0.04526,0.04516,0.04516,0.04516,110924.68,110924.69,110924.76,110928.34,110931.28,110931.29,110931.3,110931.88,110932.71,110933.31,3.58734,0.1199,0.0001,0.00051,0.0001,0.09646,0.31515,0.00037,5e-05,5e-05
1761314402482,110924.67,110924.66,110924.6,110924.35,110924.34,110924.33,110924.32,110924.31,110924.3,110924.29,1.3737,0.00581,0.0003,0.0001,0.04616,0.20395,0.04526,0.04516,0.04516,0.04516,110924.68,110924.69,110924.76,110928.34,110929.38,110931.28,110931.29,110931.3,110931.88,110932.71,3.58734,0.1199,0.0001,0.00051,0.03982,0.0001,0.09646,0.31515,0.00037,5e-05
1761314402583,110924.67,110924.66,110924.6,110924.35,110924.34,110924.33,110924.32,110924.31,110924.3,110924.29,0.8666,0.00581,0.0003,0.0001,0.04616,0.20395,0.04526,0.04516,0.04516,0.04516,110924.68,110924.69,110924.76,110928.34,110929.37,110929.38,110931.28,110931.29,110931.3,110931.88,3.74323,0.1199,0.0001,0.00051,5e-05,0.03997,0.0001,0.09646,0.3151,0.00037
1761314402682,110924.67,110924.66,110924.6,110924.35,110924.34,110924.33,110924.32,110924.31,110924.3,110924.29,0.60082,0.00576,0.0003,0.0001,0.04616,0.04531,0.04526,0.04516,0.04516,0.04516,110924.68,110924.69,110924.76,110928.34,110929.37,110929.38,110931.28,110931.29,110931.3,110931.88,3.85134,0.1199,0.0001,0.00051,0.0001,0.00015,0.0001,0.09646,0.3151,0.00037
1761314402782,110924.67,110924.66,110924.6,110924.35,110924.34,110924.33,110924.32,110924.31,110924.3,110924.29,0.1878,0.00571,0.0003,0.0001,0.04616,0.18938,0.04526,0.04516,0.04516,0.04516,110924.68,110924.69,110924.76,110928.08,110928.34,110931.29,110931.3,110931.47,110931.88,110932.2,3.89701,0.1199,0.0001,0.06748,0.00051,0.09636,0.31515,5e-05,0.00037,0.29744
1761314402883,110916.87,110916.86,110915.99,110915.98,110915.51,110915.45,110914.16,110913.5,110913.49,110912.08,0.0045,0.0016,0.0001,5e-05,0.0001,0.0001,5e-05,0.0001,5e-05,0.7017,110916.88,110916.96,110917.87,110917.88,110919.22,110920.0,110920.01,110920.08,110920.39,110920.47,3.13455,0.0001,1.15973,0.04065,0.0402,0.08995,0.00015,0.0025,0.00015,0.05835
1761314402983,110912.09,110912.08,110911.77,110910.45,110908.41,110908.19,110908.03,110907.73,110907.69,110907.5,0.0001,0.00025,0.0001,5e-05,5e-05,5e-05,0.0015,0.0001,0.003,5e-05,110914.17,110914.25,110914.33,110914.34,110914.42,110914.44,110914.45,110915.25,110915.26,110915.27,3.7836,0.0001,0.00031,0.0002,0.1887,2.17166,0.00041,0.0899,0.26996,0.04015
1761314403083,110908.19,110908.18,110908.11,110908.03,110907.69,110906.74,110904.32,110904.31,110903.46,110903.45,0.1898,0.0009,0.0001,0.0002,0.0032,5e-05,0.0001,0.05158,0.0001,0.06034,110908.2,110908.21,110908.28,110908.42,110911.2,110911.63,110912.08,110912.09,110912.1,110913.13,3.89446,0.00027,0.0001,0.0001,0.0025,0.0899,0.44951,2.35311,0.31529,0.13014
1761314403183,110908.19,110908.18,110908.11,110907.69,110906.74,110904.32,110904.31,110903.46,110903.45,110903.38,0.34609,0.001,0.0001,0.0032,5e-05,0.0001,0.03271,0.7015,0.06034,0.0001,110908.2,110908.21,110908.28,110911.2,110911.62,110911.63,110912.07,110912.08,110912.09,110912.1,3.99198,0.00037,0.0001,0.0026,0.0001,0.09005,0.0001,1.49938,0.0002,0.00024
1761314403283,110908.19,110908.18,110908.11,110907.69,110906.96,110906.74,110904.32,110904.31,110903.47,110903.46,0.34589,0.0008,0.0001,0.0032,5e-05,5e-05,0.0001,0.22426,0.0001,0.7016,110908.2,110908.21,110908.28,110910.05,110911.2,110911.62,110911.63,110912.07,110912.08,110912.1,4.03199,0.00037,0.0001,0.04099,0.0026,0.0001,0.00015,0.61206,0.00015,0.00014
1761314403382,110908.19,110908.18,110908.11,110907.69,110906.96,110906.74,110904.32,110904.31,110903.71,110903.47,0.34594,0.0008,0.0001,0.0032,5e-05,5e-05,0.0001,0.22426,5e-05,0.0001,110908.2,110908.21,110908.28,110910.04,110910.05,110911.2,110912.06,110912.07,110912.1,110913.12,4.03194,0.00037,0.0001,0.01311,0.04119,0.00255,0.0001,0.14873,0.00014,0.0001
1761314403482,110908.19,110908.18,110908.11,110907.69,110906.96,110906.74,110904.32,110904.31,110903.71,110903.47,0.34859,0.0009,0.0001,0.0032,5e-05,5e-05,0.0001,0.22426,5e-05,0.0001,110908.2,110908.21,110908.28,110910.03,110910.04,110910.05,110911.2,110912.06,110912.07,110912.1,4.03516,0.00037,0.0001,0.0001,0.01331,0.04114,0.00255,0.0001,0.14868,0.00014
1761314403584,110908.19,110908.18,110908.11,110907.69,110906.96,110906.74,110904.32,110904.31,110903.71,110903.47,0.34957,0.0009,0.0001,0.0032,5e-05,5e-05,0.0001,0.22426,5e-05,0.0001,110908.2,110908.21,110908.28,110910.03,110910.04,110910.05,110911.2,110912.06,110912.07,110912.1,4.03492,0.00037,0.0001,0.0001,0.01331,0.04114,0.00255,0.0001,0.14868,0.00014
1761314403682,110908.19,110908.18,110908.11,110907.69,110906.96,110906.74,110904.32,110904.31,110903.71,110903.46,0.34947,0.0008,0.0001,0.0032,5e-05,5e-05,0.7015,0.03271,5e-05,0.0001,110908.2,110908.21,110908.28,110910.03,110910.04,110910.05,110911.2,110912.06,110912.07,110912.1,4.03934,0.00037,0.0001,0.0001,0.01331,0.04114,0.00255,0.0001,0.07198,0.00014
1761314403782,110908.19,110908.18,110908.11,110907.69,110906.96,110906.74,110904.33,110904.32,110904.31,110903.71,0.34972,0.00085,0.0001,0.0032,5e-05,5e-05,0.22847,0.00025,0.0001,5e-05,110908.2,110908.21,110908.28,110910.03,110910.04,110910.05,110910.27,110911.2,110912.07,110912.1,4.08108,0.00037,0.0001,0.0001,0.01331,0.04114,5e-05,0.00255,0.15157,0.00014
1761314403882,110908.19,110908.18,110908.11,110907.69,110907.0,110906.96,110906.74,110904.34,110904.33,110903.71,0.353,0.0008,0.0001,0.0002,0.04,5e-05,5e-05,0.08724,0.00015,5e-05,110908.2,110908.21,110908.28,110910.03,110910.04,110910.05,110910.27,110911.2,110912.06,110912.07,4.04342,0.00037,0.0001,0.0001,0.01331,0.04114,5e-05,0.00255,0.0001,0.15157
1761314403984,110899.39,110899.38,110899.32,110899.28,110898.38,110898.05,110898.04,110897.81,110897.8,110896.75,0.03194,0.0009,5e-05,5e-05,0.0001,0.0001,0.00015,0.0001,5e-05,0.0001,110899.4,110899.59,110899.62,110899.65,110899.66,110899.74,110899.96,110899.98,110899.99,110900.0,4.03802,0.1793,1.26994,0.32073,1.05581,0.0001,0.1793,0.37823,0.25878,2.97736
1761314404083,110898.38,110898.37,110898.04,110896.6,110895.61,110895.15,110894.54,110892.67,110892.05,110891.9,0.0012,0.0009,0.0001,0.003,5e-05,0.0001,0.0001,5e-05,0.0001,5e-05,110898.39,110898.47,110899.27,110899.28,110899.37,110899.4,110899.59,110899.62,110899.65,110899.66,4.25501,0.0001,0.29784,0.0002,0.1793,0.08015,0.00015,0.0001,5e-05,5e-05
1761314404182,110889.36,110889.35,110889.34,110889.21,110888.19,110888.0,110887.88,110886.81,110886.8,110886.0,0.00128,0.01016,0.00055,0.0001,5e-05,0.0012,0.00381,0.0001,5e-05,0.0012,110889.37,110889.45,110889.99,110891.4,110891.55,110891.56,110892.05,110892.67,110892.68,110893.15,3.84649,0.0001,0.01763,0.0001,0.37398,0.0002,0.0899,0.04177,0.00015,0.06748
1761314404282,110886.0,110885.99,110885.92,110885.8,110885.08,110884.91,110884.49,110884.48,110884.39,110884.28,0.00215,0.00075,5e-05,0.0001,0.0001,0.7011,0.0002,5e-05,6e-05,0.0001,110886.01,110886.09,110886.82,110887.88,110887.89,110888.01,110888.18,110888.19,110888.2,110889.0,4.51368,0.0001,0.44125,0.58101,0.0051,0.44125,2.60681,0.3602,0.00515,0.0025
1761314404382,110884.91,110884.9,110884.83,110884.48,110884.39,110884.28,110884.0,110882.0,110881.98,110880.77,0.00155,0.0009,0.0001,5e-05,6e-05,0.0001,0.0014,0.0014,0.0001,5e-05,110884.92,110885.0,110886.0,110886.01,110886.82,110887.25,110887.88,110887.89,110888.01,110888.18,4.18946,0.0001,2.67369,0.66511,0.44145,0.04811,0.58116,0.0051,0.44135,0.29761
1761314404483,110879.12,110879.11,110879.04,110878.26,110878.0,110877.14,110877.06,110876.73,110876.0,110875.9,0.33944,0.0008,0.0001,0.00566,0.0012,5e-05,5e-05,0.00022,0.0012,0.0001,110879.13,110879.21,110880.12,110884.12,110884.22,110884.56,110884.91,110884.92,110886.0,110886.01,4.15454,0.0001,0.0025,0.00011,0.0899,0.0025,2.10056,0.51241,0.0002,0.31006
1761314404587,110875.2,110874.91,110874.0,110873.83,110873.43,110873.35,110873.26,110872.59,110872.0,110871.12,5e-05,0.003,0.0012,0.00727,5e-05,5e-05,5e-05,0.0001,0.0012,0.0001,110875.89,110875.9,110876.01,110878.01,110878.27,110878.52,110878.53,110878.8,110879.12,110879.13,0.42878,2.94321,0.16184,0.48266,1.32255,0.0494,0.6432,0.1194,0.33086,4.96468
1761314404690,110873.83,110873.82,110872.59,110872.0,110871.95,110871.12,110871.11,110871.08,110870.47,110870.46,0.002,0.0018,0.0001,0.0014,0.0001,0.0001,0.00025,7e-05,0.0001,0.00015,110873.84,110873.92,110875.2,110875.21,110875.49,110875.5,110875.68,110875.88,110875.89,110875.9,2.21702,0.0001,2.04417,0.04454,0.08995,0.00015,0.0025,0.04472,0.0001,0.05835
1761314404783,110872.0,110871.99,110871.95,110870.0,110869.64,110869.38,110868.86,110868.0,110867.58,110866.45,0.013,0.0009,0.0001,0.0014,5e-05,5e-05,0.0001,0.0016,0.0001,0.0001,110872.01,110872.09,110873.83,110873.84,110875.2,110875.21,110875.49,110875.68,110875.88,110875.9,2.60618,0.0001,1.8296,0.39536,0.00015,0.04049,0.09,0.0025,0.00312,0.0583
1761314404883,110872.0,110871.99,110871.94,110871.92,110870.0,110869.64,110869.38,110869.3,110868.0,110867.51,0.17348,0.04578,0.04513,0.0001,0.0014,5e-05,5e-05,5e-05,0.0015,0.0001,110872.01,110872.09,110873.82,110873.83,110873.84,110875.21,110875.49,110875.68,110875.88,110875.9,2.6038,0.0001,0.72233,0.31525,0.31536,0.04049,0.0001,0.0025,0.00307,0.04005
1761314404982,110872.0,110871.99,110871.95,110871.94,110871.92,110870.0,110869.64,110869.38,110869.3,110868.0,0.17288,0.04553,0.0001,0.04538,0.04523,0.0013,5e-05,5e-05,5e-05,0.00145,110872.01,110872.09,110873.81,110873.82,110873.83,110873.84,110875.21,110875.68,110875.88,110875.9,3.0451,0.0001,0.42969,0.00025,0.31525,0.00031,0.04049,0.0025,0.00307,0.04005
1761314405083,110872.0,110871.99,110871.96,110871.95,110871.94,110871.93,110871.92,110871.91,110870.0,110869.64,0.16247,0.04563,0.04513,0.0001,0.04538,0.0001,0.04538,0.04513,0.00125,5e-05,110872.01,110872.09,110873.8,110873.81,110873.82,110873.83,110873.84,110875.2,110875.21,110875.68,3.38088,0.0001,0.15423,0.00015,0.0001,0.31515,0.00026,0.0001,0.04049,0.0025
1761314405183,110872.0,110871.99,110871.97,110871.96,110871.95,110871.94,110871.93,110871.92,110871.91,110870.0,1.155,0.04568,0.05503,0.04538,0.0001,0.04528,0.0001,0.04538,0.04518,0.0012,110872.01,110872.09,110873.79,110873.8,110873.82,110873.83,110873.84,110875.2,110875.21,110875.68,3.07007,0.0001,0.15687,0.00015,0.0001,0.31515,0.00026,0.0001,0.00049,0.0025
1761314405283,110872.0,110871.99,110871.98,110871.97,110871.96,110871.95,110871.94,110871.93,110871.92,110871.91,2.30371,0.04538,0.0001,0.05528,0.04528,0.04523,0.04523,0.0001,0.04528,0.04518,110872.01,110872.09,110873.78,110873.79,110873.82,110873.83,110873.84,110875.21,110875.68,110875.88,1.71407,0.0001,0.143,0.00015,0.0001,0.31515,0.00026,5e-05,0.0025,0.00307
1761314405383,110872.0,110871.99,110871.98,110871.97,110871.96,110871.95,110871.94,110871.92,110871.91,110870.0,2.01231,0.04543,0.0001,0.05528,0.04528,0.04533,0.04518,0.04528,0.04518,0.0012,110872.01,110872.09,110873.77,110873.78,110873.82,110873.83,110873.84,110874.83,110875.68,110875.88,1.57258,0.0001,0.0001,0.09605,0.0001,0.31515,0.00026,5e-05,5e-05,0.00307
1761314405484,110872.0,110871.99,110871.98,110871.97,110871.96,110871.95,110871.94,110871.92,110871.91,110870.0,0.39688,0.04583,0.0001,0.00035,0.04538,0.04533,0.04518,0.04528,0.04518,0.0012,110872.01,110872.09,110872.92,110873.77,110873.78,110873.82,110873.83,110873.84,110874.83,110875.68,2.05516,0.0001,0.04811,0.0001,0.09605,0.0001,0.31515,0.00026,5e-05,0.0025
1761314405584,110872.0,110871.99,110871.97,110871.96,110871.95,110871.94,110871.93,110871.92,110871.91,110870.0,0.00853,0.04568,0.0003,0.04538,0.04533,0.04518,5e-05,0.04518,0.04518,0.0012,110872.01,110872.09,110872.85,110872.92,110873.78,110873.82,110873.83,110873.84,110874.83,110875.68,2.17244,0.0001,0.06748,0.04037,0.19944,0.0899,0.3151,0.00026,5e-05,0.0025
1761314405682,110872.0,110871.99,110871.97,110871.96,110871.95,110871.94,110871.93,110871.92,110871.91,110870.25,0.06091,0.04568,0.0003,0.04538,0.04533,0.04518,5e-05,0.04518,0.04518,0.0001,110872.01,110872.09,110872.84,110872.85,110872.91,110872.92,110873.77,110873.78,110873.81,110873.82,2.46245,0.0001,0.0001,0.0002,0.0001,0.0002,0.0001,0.19944,0.0001,0.0002
1761314405782,110872.0,110871.99,110871.97,110871.96,110871.95,110871.94,110871.93,110871.92,110871.91,110870.0,0.06086,0.04563,0.0003,0.04538,0.04533,0.04518,5e-05,0.04518,0.04518,0.0012,110872.01,110872.09,110873.77,110873.78,110873.82,110873.83,110873.84,110874.83,110874.97,110875.68,2.05229,0.0001,0.0001,0.0961,0.0001,0.0002,0.00021,5e-05,0.2976,0.00255
1761314405882,110872.0,110871.99,110871.97,110871.96,110871.95,110871.94,110871.93,110871.92,110871.91,110871.36,0.05436,0.04573,0.0003,0.04538,0.04533,0.04518,5e-05,0.04518,0.04518,0.0001,110872.01,110872.09,110873.77,110873.78,110873.84,110874.83,110874.97,110875.53,110875.68,110875.88,2.09164,0.0001,0.0001,0.0961,0.00021,5e-05,0.2978,0.04811,0.00255,0.00312
1761314405982,110872.0,110871.99,110871.98,110871.97,110871.96,110871.95,110871.94,110871.93,110871.92,110871.91,0.06241,0.04568,0.04513,0.0003,0.04538,0.04533,0.04518,5e-05,0.04518,0.04518,110872.01,110872.09,110873.77,110873.78,110873.84,110874.83,110874.97,110875.53,110875.68,110875.88,2.09135,0.0001,0.0001,0.13327,0.00021,5e-05,0.2978,0.04826,0.00255,0.00307
1761314406082,110872.0,110871.99,110871.98,110871.97,110871.96,110871.95,110871.94,110871.92,110871.91,110871.41,0.06241,0.04578,0.04533,0.0002,0.04533,0.04528,0.04518,0.04518,0.04518,0.0001,110872.01,110872.09,110873.77,110873.78,110873.84,110874.83,110874.96,110874.97,110875.53,110875.68,2.09135,0.0001,0.0001,0.13327,0.00021,5e-05,0.0001,0.2978,0.00015,0.00255
1761314406182,110872.0,110871.99,110871.98,110871.97,110871.96,110871.95,110871.94,110871.92,110871.91,110871.41,0.06222,0.04583,0.04538,0.0001,0.04538,0.04533,0.04518,0.04518,0.04518,0.0001,110872.01,110872.09,110873.77,110873.78,110873.84,110874.83,110874.96,110874.97,110875.68,110875.88,2.14179,0.0001,0.0001,0.13327,0.00021,5e-05,0.0001,0.2978,0.00255,0.00312
1761314406282,110872.0,110871.99,110871.98,110871.97,110871.96,110871.95,110871.94,110871.92,110871.91,110871.41,0.06157,0.04588,0.04538,0.0001,0.04538,0.04533,0.04518,0.04518,0.04518,0.0001,110872.01,110872.09,110873.77,110873.78,110873.84,110874.83,110874.96,110874.97,110875.68,110875.88,2.14165,0.0001,0.0001,0.13327,0.00021,5e-05,0.0001,0.2978,0.00255,0.00312
1761314406382,110872.0,110871.99,110871.98,110871.97,110871.96,110871.95,110871.94,110871.93,110871.92,110871.91,0.17493,0.04583,0.04538,0.0001,0.04538,0.04533,0.04518,0.04513,0.04518,0.04518,110872.01,110872.09,110873.77,110873.78,110873.84,110874.83,110874.96,110874.97,110875.68,110875.88,2.14165,0.0001,0.0001,0.13327,0.00021,5e-05,0.0001,0.2978,0.00255,0.00312
1761314406482,110872.0,110871.99,110871.98,110871.97,110871.96,110871.95,110871.94,110871.93,110871.92,110871.91,1.20475,0.04568,0.04538,0.0001,0.20254,0.04533,0.04518,0.04518,0.04528,0.04518,110872.01,110872.09,110873.77,110873.78,110873.84,110874.83,110874.96,110874.97,110875.68,110875.88,1.95752,0.0001,0.0001,0.13327,0.00021,5e-05,0.0001,0.0002,0.00255,0.00312
1761314406583,110872.0,110871.99,110871.98,110871.97,110871.96,110871.95,110871.94,110871.93,110871.92,110871.91,1.23009,0.04573,0.04538,0.0001,0.20254,0.04533,0.04518,0.04518,0.04528,0.04518,110872.01,110872.09,110873.77,110873.78,110874.83,110875.44,110875.68,110875.88,110876.14,110876.15,1.91722,0.0001,0.0001,0.01418,5e-05,0.00021,0.0026,0.00312,0.0001,0.04052
1761314406682,110872.0,110871.99,110871.98,110871.97,110871.96,110871.95,110871.94,110871.93,110871.92,110871.91,1.23014,0.04578,0.04538,0.0001,0.20254,0.04533,0.04518,0.04518,0.04528,0.04518,110872.01,110872.09,110873.77,110873.78,110874.83,110875.44,110875.68,110875.88,110876.14,110876.15,1.91727,0.0001,0.0001,0.01418,5e-05,0.00021,0.0026,0.00312,0.0001,0.04052
1761314406782,110872.0,110871.99,110871.98,110871.97,110871.96,110871.95,110871.94,110871.93,110871.92,110871.91,1.87871,0.04578,0.04538,0.0001,0.20254,0.04533,0.04518,0.04518,0.04528,0.04518,110872.01,110872.09,110873.77,110873.78,110874.83,110875.68,110875.88,110876.14,110876.15,110877.13,1.91709,0.0001,0.0001,0.01418,5e-05,0.0026,0.00312,0.0001,0.04052,5e-05
1761314406882,110872.0,110871.99,110871.98,110871.97,110871.96,110871.95,110871.94,110871.93,110871.92,110871.91,1.8433,0.04578,0.04538,0.0001,0.20254,0.04533,0.04518,0.04518,0.04528,0.04518,110872.01,110872.09,110873.77,110873.78,110874.83,110875.68,110875.88,110876.14,110876.15,110877.13,1.91694,0.0001,0.0001,0.01418,5e-05,0.0026,0.00312,0.0001,0.04052,5e-05
1761314406982,110872.0,110871.99,110871.98,110871.97,110871.96,110871.95,110871.94,110871.93,110871.92,110871.91,1.73064,0.04583,0.04538,0.0001,0.20254,0.04533,0.04518,0.04518,0.04528,0.04518,110872.01,110872.09,110873.77,110873.78,110874.83,110875.68,110875.88,110876.14,110876.15,110877.13,1.91694,0.0001,0.0001,0.01418,5e-05,0.0026,0.00312,0.0001,0.04052,5e-05
1761314407082,110873.77,110873.7,110872.08,110872.01,110872.0,110871.99,110871.98,110871.96,110871.95,110871.94,4.63282,0.0001,0.09129,2.00083,0.44015,0.04538,0.04528,0.04523,0.04518,0.04518,110873.78,110873.96,110874.83,110875.58,110875.68,110875.88,110876.14,110876.15,110877.13,110877.98,0.00045,0.0001,5e-05,0.0001,0.0002,0.00327,0.0001,0.0002,5e-05,0.0001
1761314407182,110875.87,110875.79,110875.67,110873.78,110873.77,110872.09,110872.08,110872.02,110872.01,110872.0,5.10984,0.0001,0.0002,2.58658,0.29851,0.0899,0.09144,0.87652,0.0001,0.35652,110875.88,110875.96,110877.13,110879.12,110879.13,110880.0,110880.04,110883.09,110883.1,110884.92,0.39155,0.0001,5e-05,0.1228,0.09058,5e-05,0.00117,0.0001,0.3181,0.00244
1761314407282,110875.87,110875.79,110873.79,110873.78,110873.77,110872.09,110872.08,110872.02,110872.0,110871.99,5.21111,0.0001,0.8612,0.44976,0.29851,0.09005,0.09139,0.2879,0.32354,0.04518,110875.88,110875.89,110875.96,110877.13,110879.11,110879.12,110879.13,110880.0,110880.04,110883.09,0.74427,0.0005,0.0001,5e-05,0.0001,0.1231,0.09058,5e-05,0.00127,0.0001
1761314407382,110875.87,110875.86,110875.79,110873.79,110873.78,110873.77,110872.09,110872.08,110872.02,110872.0,4.32822,0.00015,0.0001,0.1345,0.00025,0.29841,0.0001,5e-05,0.2879,0.05363,110875.88,110875.89,110875.96,110877.13,110879.11,110879.12,110879.13,110880.0,110880.04,110883.1,0.98684,0.0003,0.0001,5e-05,0.0001,0.0288,0.09048,5e-05,0.00122,0.003
1761314407482,110875.87,110875.86,110875.79,110874.12,110873.79,110873.77,110872.02,110872.0,110871.99,110871.98,4.306,0.0003,0.0001,0.01809,0.00025,0.29851,0.21234,0.05368,0.04518,0.04518,110875.88,110875.89,110875.96,110877.13,110879.11,110879.12,110879.13,110880.0,110880.04,110883.1,0.98694,0.0003,0.0001,5e-05,0.0001,0.0288,0.13556,5e-05,0.00122,0.003
1761314407583,110875.87,110875.86,110875.79,110874.13,110874.12,110873.78,110873.77,110873.73,110872.03,110872.02,2.14,0.0004,0.0001,0.0001,0.00025,0.08921,0.29841,5e-05,0.0001,0.15187,110875.88,110875.89,110875.96,110879.11,110879.12,110879.13,110880.0,110880.04,110883.1,110884.92,1.05822,0.0003,0.0001,0.0001,0.0288,0.13556,5e-05,0.00122,0.003,0.00244
1761314407682,110875.87,110875.86,110875.79,110873.78,110873.77,110873.73,110872.03,110872.02,110872.01,110872.0,2.13995,0.0003,0.0001,0.08946,0.29841,5e-05,0.0001,0.39664,0.0001,0.05368,110875.88,110875.89,110875.96,110879.11,110879.12,110879.13,110880.0,110880.04,110883.1,110884.92,1.01787,0.0003,0.0001,0.0001,0.0288,0.09048,5e-05,0.00122,0.003,0.00244
1761314407782,110875.87,110875.86,110875.79,110873.78,110873.77,110873.73,110872.03,110872.02,110872.01,110872.0,2.66636,0.0003,0.0001,0.08946,0.29841,5e-05,0.0001,0.39664,0.0001,0.06696,110875.88,110875.89,110875.96,110879.11,110879.12,110879.13,110880.0,110880.04,110883.1,110884.92,1.01778,0.0003,0.0001,0.0001,0.0288,0.09048,5e-05,0.00122,0.003,0.00244
1761314407882,110875.87,110875.86,110875.79,110873.78,110873.77,110873.73,110872.03,110872.02,110872.01,110872.0,2.66636,0.0003,0.0001,0.08946,0.29841,5e-05,0.0001,0.39664,0.0001,0.06696,110875.88,110875.89,110875.96,110879.11,110879.12,110879.13,110880.0,110880.04,110883.1,110884.91,1.01778,0.0003,0.0001,0.0001,0.0288,0.09048,5e-05,0.00122,0.003,0.0396
1761314407982,110875.87,110875.86,110875.79,110873.78,110873.77,110873.73,110872.03,110872.02,110872.01,110872.0,2.71207,0.0003,0.0001,0.08946,0.29841,5e-05,0.0001,0.39664,0.0001,0.06696,110875.88,110875.89,110875.96,110879.11,110879.12,110879.13,110880.0,110880.04,110883.1,110884.9,1.01788,0.00035,0.0001,0.0001,0.0288,0.09048,5e-05,0.00122,0.003,0.0001
1761314408082,110875.87,110875.86,110875.79,110873.79,110873.78,110873.77,110873.73,110872.03,110872.02,110872.01,1.42136,0.0003,0.0001,0.0001,0.08946,0.29841,5e-05,0.0001,0.39664,0.0001,110875.88,110875.89,110875.96,110879.11,110879.12,110879.13,110879.34,110880.0,110880.04,110882.37,1.57137,0.0003,0.0001,0.0001,0.0288,0.09048,5e-05,5e-05,5e-05,0.00021
1761314408182,110875.87,110875.86,110875.79,110873.79,110873.78,110873.77,110873.73,110872.03,110872.02,110872.01,1.21599,0.00025,0.0001,0.0001,0.08946,0.29841,5e-05,0.0001,0.26264,0.0001,110875.88,110875.89,110875.96,110879.11,110879.12,110879.13,110879.34,110879.42,110880.0,110880.04,1.72726,0.0003,0.0001,0.0001,0.0288,0.09048,5e-05,0.00021,5e-05,0.00105
1761314408282,110875.87,110875.86,110875.79,110873.79,110873.78,110873.77,110873.73,110872.03,110872.02,110872.0,1.37124,0.00015,0.0001,0.0001,0.08946,0.29851,5e-05,0.0001,0.26269,0.02198,110875.88,110875.89,110875.96,110879.11,110879.12,110879.13,110879.34,110879.42,110880.0,110880.04,1.70928,0.0003,0.0001,0.0001,0.0288,0.09048,5e-05,0.00021,5e-05,0.0011
1761314408382,110875.87,110875.86,110875.79,110873.79,110873.78,110873.77,110873.73,110872.03,110872.02,110872.0,1.37134,0.00025,0.0001,0.0001,0.08946,0.29851,5e-05,0.0001,0.26269,0.02198,110875.88,110875.89,110875.96,110879.11,110879.12,110879.13,110879.34,110879.42,110880.0,110880.04,1.55359,0.00035,0.0001,0.0001,0.0288,0.09048,5e-05,0.00021,5e-05,0.0011
1761314408482,110875.87,110875.86,110875.79,110873.79,110873.78,110873.77,110873.73,110872.03,110872.02,110872.0,1.37134,0.00025,0.0001,0.0001,0.08946,0.29851,5e-05,0.0001,0.26269,0.02198,110875.88,110875.89,110875.96,110879.11,110879.12,110879.13,110879.34,110879.42,110880.0,110880.04,1.55354,0.00035,0.0001,0.0001,0.0288,0.09048,5e-05,0.00021,5e-05,0.0011
1761314408608,110847.26,110847.25,110847.19,110847.01,110847.0,110845.44,110845.43,110845.42,110845.32,110844.39,1.29532,0.00055,0.0001,0.0691,0.08292,0.0001,0.57535,0.00033,0.0001,7e-05,110847.27,110847.37,110847.64,110847.65,110847.83,110847.84,110850.06,110850.93,110850.94,110851.37,1.78359,0.0001,0.0001,0.0002,0.12595,0.0002,0.41281,0.0001,0.84996,0.00021
1761314408683,110847.26,110847.25,110847.19,110847.02,110847.01,110847.0,110845.44,110845.43,110845.42,110844.39,2.009,0.00035,0.0001,0.0001,0.00035,0.0002,0.28155,0.0001,0.00033,7e-05,110847.27,110847.37,110847.82,110847.83,110850.05,110850.06,110850.93,110850.94,110851.91,110852.14,1.01996,0.0001,0.16098,0.00025,0.0001,0.00025,0.0001,0.00015,0.00044,1.14217
1761314408783,110847.26,110847.25,110847.19,110847.01,110847.0,110845.44,110845.42,110844.39,110844.0,110843.93,2.07678,0.0002,0.0001,0.0002,5e-05,0.021,0.00038,7e-05,0.0016,5e-05,110847.27,110847.37,110847.81,110847.82,110851.91,110852.13,110852.14,110854.84,110856.57,110856.58,0.49497,0.0001,0.04833,0.00025,0.0002,0.3412,0.00015,0.00021,0.0001,0.06322
1761314408882,110847.26,110847.19,110847.0,110845.44,110845.42,110844.39,110844.0,110843.93,110842.62,110842.22,2.36668,0.0001,5e-05,0.18451,0.00053,7e-05,0.0017,5e-05,0.00049,5e-05,110847.27,110847.37,110847.8,110847.81,110852.12,110852.13,110852.47,110856.57,110856.58,110856.59,0.34275,0.0001,0.0001,0.00025,0.10206,0.00025,0.00021,0.0001,0.00015,0.00014
1761314408982,110847.26,110847.19,110847.0,110845.44,110845.42,110844.39,110844.0,110843.93,110842.62,110842.22,2.41176,0.0001,5e-05,0.05045,0.00053,7e-05,0.0017,5e-05,0.00049,5e-05,110847.27,110847.37,110852.11,110852.12,110852.47,110856.59,110858.36,110860.0,110861.82,110862.22,0.26772,0.0001,0.0307,0.00025,0.00021,0.00014,0.0032,5e-05,0.0001,5e-05
1761314409082,110847.26,110847.19,110847.0,110845.44,110845.42,110844.39,110844.0,110843.93,110842.62,110842.22,2.41176,0.0001,5e-05,0.16722,0.00053,7e-05,0.0017,5e-05,0.00049,5e-05,110847.27,110847.37,110852.1,110852.11,110852.47,110856.59,110858.36,110860.0,110861.45,110861.82,0.87665,0.0001,0.0094,0.00025,0.00021,0.00014,0.0032,5e-05,0.29763,0.0001
1761314409182,110847.26,110847.19,110847.0,110845.44,110845.42,110844.94,110844.39,110844.0,110843.93,110842.62,2.41176,0.0001,5e-05,0.16722,0.00053,5e-05,7e-05,0.0017,5e-05,0.00049,110847.27,110847.37,110852.09,110852.1,110852.47,110856.59,110858.36,110860.0,110861.44,110861.45,0.87675,0.0001,0.0001,0.0002,0.00021,0.00014,0.00315,5e-05,0.25939,0.29773
1761314409282,110847.26,110847.19,110847.0,110845.44,110845.42,110844.94,110844.39,110844.0,110842.62,110842.22,2.80582,0.0001,5e-05,0.16722,0.00053,5e-05,7e-05,0.0017,0.00049,5e-05,110847.27,110847.37,110852.47,110856.59,110858.36,110860.0,110861.43,110861.44,110861.45,110861.82,0.86487,0.0001,0.00021,0.00014,0.00315,5e-05,0.0001,0.25954,0.29773,0.0001
1761314409382,110847.26,110847.19,110847.0,110845.44,110845.42,110844.94,110844.39,110844.0,110842.83,110842.62,2.80582,0.0001,5e-05,0.16722,0.00053,5e-05,7e-05,0.0017,0.00361,0.00049,110847.27,110847.37,110851.7,110852.47,110853.92,110856.59,110858.35,110858.36,110860.0,110861.43,0.864,0.0001,0.00361,0.00021,0.00541,0.00014,0.00722,0.00315,5e-05,0.0001
1761314409482,110847.26,110847.19,110847.0,110846.16,110845.44,110845.42,110844.94,110844.49,110844.39,110844.0,2.80582,0.0001,5e-05,0.00099,0.16722,0.00053,5e-05,0.00198,7e-05,0.00165,110847.27,110847.37,110848.37,110850.04,110851.7,110852.47,110853.92,110856.59,110856.69,110858.34,0.86415,0.0001,0.00099,0.00198,0.00376,0.00021,0.00561,0.00014,0.00397,0.0001
1761314409583,110847.26,110847.19,110847.0,110846.16,110845.44,110845.42,110844.94,110844.49,110844.39,110844.0,2.89454,0.0001,5e-05,0.00109,0.16722,0.00038,5e-05,0.00198,7e-05,0.0016,110847.27,110847.37,110848.37,110850.04,110851.7,110853.92,110856.59,110856.69,110857.99,110858.34,0.8642,0.0001,0.00114,0.00208,0.00366,0.00546,0.00014,0.00397,0.29764,0.0001
1761314409682,110847.26,110847.19,110847.0,110846.16,110845.44,110845.42,110844.94,110844.49,110844.39,110844.0,2.54584,0.0001,5e-05,0.00119,0.16722,0.00038,5e-05,0.00198,7e-05,0.0016,110847.27,110847.37,110848.37,110850.04,110851.7,110853.92,110856.59,110856.69,110857.98,110857.99,0.91093,0.0001,0.00119,0.00218,0.00371,0.00551,0.00014,0.00397,0.09212,0.29774
1761314409782,110847.26,110847.19,110847.0,110846.16,110846.05,110845.44,110845.42,110844.94,110844.49,110844.39,2.59097,0.0001,5e-05,0.00119,5e-05,0.29505,0.00038,5e-05,0.00198,7e-05,110847.27,110847.37,110848.37,110850.04,110851.7,110852.78,110853.92,110856.59,110856.69,110857.97,0.91098,0.0001,0.00119,0.00218,0.00371,5e-05,0.00551,0.00014,0.00397,0.0001
1761314409882,110847.26,110847.23,110847.19,110847.0,110846.16,110846.05,110845.44,110845.42,110844.94,110844.49,1.93641,0.04514,0.0001,5e-05,0.00119,5e-05,0.2951,0.00043,5e-05,0.00203,110847.27,110847.37,110848.37,110850.04,110851.7,110852.78,110853.92,110856.59,110856.69,110856.87,0.91098,0.0001,0.00119,0.00218,0.00371,5e-05,0.00551,0.00014,0.00397,0.00021
1761314409982,110847.26,110847.23,110847.19,110847.0,110846.16,110846.05,110845.44,110845.42,110844.94,110844.49,2.63721,0.04534,0.0001,5e-05,0.00119,5e-05,0.295,0.00038,5e-05,0.00198,110847.27,110847.37,110848.37,110850.04,110851.7,110852.78,110853.92,110856.59,110856.69,110856.87,0.91004,0.0001,0.00119,0.00218,0.00371,5e-05,0.00551,0.00014,0.00397,0.00021
1761314410082,110847.26,110847.23,110847.19,110847.0,110846.16,110846.05,110845.44,110845.42,110844.94,110844.49,2.63721,0.04534,0.0001,5e-05,0.00119,5e-05,0.295,0.00038,5e-05,0.00198,110847.27,110847.37,110848.37,110850.04,110851.7,110852.78,110853.92,110856.59,110856.69,110856.87,0.91009,0.0001,0.00119,0.00218,0.00371,5e-05,0.00551,0.00014,0.00397,0.00021
1761314410183,110847.26,110847.23,110847.19,110847.0,110846.16,110846.05,110845.44,110845.42,110844.94,110844.49,2.63721,0.04534,0.0001,5e-05,0.00119,5e-05,0.295,0.00038,5e-05,0.00198,110847.27,110847.37,110848.37,110850.04,110851.7,110852.78,110853.92,110856.59,110856.69,110856.87,0.90883,0.00724,0.00119,0.00218,0.00371,5e-05,0.00551,0.00014,0.00397,0.00021
1761314410282,110847.26,110847.24,110847.23,110847.19,110847.0,110846.16,110846.05,110845.44,110845.42,110844.94,2.63721,0.04514,0.04534,0.0001,5e-05,0.00119,5e-05,0.295,0.00038,5e-05,110847.27,110847.36,110847.37,110848.37,110849.36,110850.04,110851.7,110852.78,110853.92,110854.53,0.91084,0.0001,0.00749,0.00119,5e-05,0.00208,0.00366,5e-05,0.00546,0.00021
1761314410382,110847.26,110847.25,110847.24,110847.23,110847.19,110847.0,110846.16,110846.05,110845.45,110845.44,2.59253,0.0004,0.04544,0.04534,0.0001,5e-05,0.00109,5e-05,0.0001,0.29495,110847.27,110847.36,110847.37,110848.37,110849.36,110850.04,110851.7,110852.78,110853.92,110854.53,1.69333,0.0001,0.00749,0.00119,5e-05,0.00208,0.00366,5e-05,0.00546,0.00021
1761314410482,110847.26,110847.25,110847.24,110847.23,110847.19,110847.0,110846.16,110846.05,110845.45,110845.44,2.5922,0.0004,0.04549,0.04529,0.0001,5e-05,0.00104,5e-05,0.0001,0.16711,110847.27,110847.36,110847.37,110848.37,110849.36,110850.04,110851.7,110852.78,110853.48,110853.92,1.69338,0.0001,0.00749,0.00119,5e-05,0.00208,0.00366,5e-05,0.0025,0.00546
1761314410583,110847.26,110847.25,110847.24,110847.23,110847.19,110847.0,110846.16,110846.05,110845.45,110845.44,2.59233,0.0004,0.04549,0.04529,0.0001,5e-05,0.00104,5e-05,0.0001,0.16711,110847.27,110847.36,110847.37,110848.37,110849.36,110850.04,110851.7,110852.78,110853.48,110853.92,1.69343,0.0001,0.00749,0.00119,5e-05,0.00208,0.00366,5e-05,0.0025,0.00546
1761314410682,110847.26,110847.25,110847.24,110847.23,110847.19,110847.0,110846.16,110846.05,110845.45,110845.44,2.61866,0.0004,0.04549,0.04529,0.04524,5e-05,0.00104,5e-05,0.0001,0.16706,110847.27,110847.36,110847.37,110848.37,110849.36,110850.04,110851.7,110852.78,110853.48,110853.92,1.69348,0.0001,0.00749,0.00119,5e-05,0.00208,0.00366,5e-05,0.0025,0.00546
1761314410782,110847.26,110847.25,110847.24,110847.23,110847.2,110847.19,110847.0,110846.16,110846.05,110845.45,2.19825,0.00045,0.04549,0.04529,0.0001,0.04529,5e-05,0.00099,5e-05,0.0001,110847.27,110847.36,110847.37,110848.37,110849.36,110850.04,110851.7,110852.78,110853.48,110853.92,2.30979,0.0001,0.00749,0.00119,5e-05,0.00208,0.00366,5e-05,0.0025,0.00546
1761314410882,110847.26,110847.25,110847.24,110847.23,110847.2,110847.19,110847.0,110846.16,110846.05,110845.45,2.05419,0.00055,0.04549,0.04529,0.0001,0.04529,5e-05,0.00099,5e-05,0.0001,110847.27,110847.36,110847.37,110848.37,110849.36,110850.04,110850.47,110851.5,110851.7,110852.78,2.31064,0.0001,0.00749,0.00119,5e-05,0.00208,5e-05,0.00021,0.00366,5e-05
1761314410982,110847.26,110847.25,110847.24,110847.23,110847.2,110847.19,110847.0,110846.16,110846.05,110845.45,2.36943,0.00055,0.11468,0.04534,0.0001,0.04539,5e-05,0.00099,5e-05,0.0001,110847.27,110847.36,110847.37,110848.37,110849.36,110850.04,110850.47,110851.7,110852.78,110853.48,1.99459,0.0001,0.00749,0.00119,5e-05,0.00208,5e-05,0.00366,5e-05,0.0025
1761314411082,110828.98,110828.97,110828.91,110828.69,110828.0,110827.96,110827.79,110827.78,110827.25,110827.24,0.75017,0.0003,0.0001,0.01781,0.0016,0.40298,0.0001,0.03,0.0001,0.0001,110828.99,110829.0,110829.01,110829.07,110832.86,110832.87,110833.4,110833.41,110834.41,110835.22,2.79827,0.25225,0.0002,0.0001,0.0001,0.0002,0.0001,0.0001,5e-05,0.04153
1761314411183,110828.98,110828.97,110828.92,110828.91,110828.9,110828.7,110828.69,110828.0,110827.97,110827.96,1.32729,0.0002,0.04515,0.29782,0.04515,0.0001,0.01811,0.0017,0.0001,0.27858,110828.99,110829.0,110829.07,110834.56,110835.21,110835.22,110840.0,110840.09,110840.1,110840.16,1.87574,0.0003,0.0001,0.04508,0.01257,0.04183,5e-05,0.15139,0.0002,0.0025
1761314411282,110828.98,110828.92,110828.91,110828.9,110828.89,110828.7,110828.69,110828.0,110827.97,110827.96,1.33038,0.30316,0.29807,0.0453,0.04515,0.0001,0.01796,0.0016,0.0001,5e-05,110828.99,110829.0,110829.07,110830.91,110834.55,110834.56,110835.2,110835.21,110835.22,110840.0,1.92123,0.0002,0.0001,0.00021,0.02979,0.04538,0.0001,0.0003,0.04168,5e-05
1761314411383,110828.98,110828.94,110828.93,110828.92,110828.91,110828.9,110828.89,110828.69,110828.0,110826.0,2.03374,0.04515,0.21583,0.04545,0.29812,0.04535,0.04525,0.01786,0.1016,0.0016,110828.99,110829.07,110834.54,110834.55,110834.56,110835.21,110835.22,110835.29,110840.0,110840.08,0.20941,0.0001,0.0001,0.0004,0.0003,0.0002,0.04168,0.00021,5e-05,0.0001
1761314411482,110828.98,110828.94,110828.93,110828.92,110828.91,110828.9,110828.89,110828.69,110828.0,110827.22,1.94608,0.0453,0.21598,0.04535,0.29797,0.0452,0.0452,0.01786,0.10165,5e-05,110828.99,110829.07,110834.53,110834.55,110834.56,110835.21,110835.22,110835.29,110840.0,110840.16,0.26771,0.0001,0.00228,0.0002,0.0002,0.0001,0.04168,0.00021,5e-05,5e-05
1761314411584,110828.98,110828.94,110828.93,110828.92,110828.91,110828.9,110828.89,110828.69,110828.0,110827.25,1.94206,0.0453,0.20108,0.04535,0.29797,0.0452,0.0452,0.01786,0.10165,0.01,110828.99,110829.0,110829.07,110834.53,110835.21,110835.22,110835.29,110840.0,110841.72,110841.73,0.26781,0.0008,0.0001,0.00248,0.0126,0.04178,0.00021,5e-05,0.02093,0.04523
1761314411682,110828.98,110828.97,110828.94,110828.93,110828.92,110828.91,110828.9,110828.89,110828.69,110828.0,1.99356,0.04515,0.0453,0.20108,0.04535,0.29797,0.0452,0.0452,0.01786,0.10165,110828.99,110829.0,110829.07,110834.53,110835.2,110835.21,110835.22,110835.29,110840.0,110841.71,0.26766,0.00085,0.0001,0.00248,0.0001,0.01275,0.04163,0.00021,5e-05,0.0001
1761314411782,110828.98,110828.97,110828.94,110828.93,110828.92,110828.91,110828.9,110828.89,110828.69,110828.3,2.47019,0.0453,0.0453,0.27512,0.1352,0.29787,0.0452,0.0452,0.01786,0.01,110828.99,110829.0,110829.07,110834.53,110835.2,110835.21,110835.22,110835.29,110840.0,110841.71,0.26845,0.00085,0.0001,0.00248,0.0001,0.01275,0.04163,0.00021,5e-05,0.0001
1761314411882,110828.98,110828.97,110828.94,110828.93,110828.92,110828.91,110828.9,110828.89,110828.82,110828.69,2.45419,0.0453,0.0453,0.27512,0.1352,0.29787,0.0452,0.0452,0.01,0.01786,110828.99,110829.0,110829.07,110834.53,110835.2,110835.21,110835.22,110835.29,110840.0,110840.08,0.26854,0.00085,0.0001,0.00248,0.0001,0.01275,0.04163,0.00021,5e-05,0.003
1761314411982,110828.98,110828.97,110828.94,110828.93,110828.92,110828.91,110828.9,110828.89,110828.82,110828.69,2.25616,0.0453,0.0453,0.27512,0.0453,0.29787,0.0452,0.0452,5e-05,0.01781,110828.99,110829.0,110829.07,110834.53,110835.2,110835.21,110835.22,110836.56,110840.0,110840.08,0.26854,0.0008,0.0001,0.00248,0.0001,0.0128,0.04163,0.00021,5e-05,0.318
1761314412082,110828.98,110828.97,110828.95,110828.94,110828.93,110828.92,110828.91,110828.9,110828.89,110828.69,1.77756,0.0453,0.0001,0.0454,0.27522,0.04535,0.29787,0.0452,0.0452,0.01786,110828.99,110829.0,110829.07,110834.53,110835.2,110835.21,110835.22,110836.56,110840.0,110840.07,0.27029,0.0008,0.0001,0.00248,0.0001,0.0128,0.0001,0.00021,5e-05,0.11614
1761314412182,110828.98,110828.97,110828.95,110828.94,110828.93,110828.92,110828.91,110828.9,110828.89,110828.69,2.31576,0.0453,0.0001,0.0454,0.32093,0.04535,0.29787,0.0452,0.0452,0.01786,110828.99,110829.0,110829.07,110834.53,110835.2,110835.21,110836.56,110840.0,110840.06,110840.07,0.09984,0.00075,0.0001,0.00248,0.0001,0.00015,0.00021,5e-05,0.0001,0.11624
1761314412283,110828.98,110828.97,110828.94,110828.93,110828.92,110828.91,110828.9,110828.89,110828.69,110828.0,2.38211,0.0453,0.0453,0.27512,0.0453,0.34302,0.0452,0.0452,0.01786,0.1016,110828.99,110829.0,110834.46,110834.53,110836.56,110840.0,110840.06,110840.07,110840.08,110841.72,0.09979,0.00075,0.0001,0.00248,0.00021,5e-05,0.0001,0.11619,0.00305,0.0001
1761314412382,110828.98,110828.97,110828.94,110828.93,110828.92,110828.91,110828.9,110828.89,110828.69,110828.0,2.43204,0.0453,0.0453,0.27512,0.0453,0.34302,0.0452,0.0452,0.01786,0.10165,110828.99,110829.0,110834.53,110835.3,110836.56,110840.0,110840.06,110840.07,110840.08,110841.72,0.09938,0.0007,0.00248,0.0001,0.00021,5e-05,0.05756,0.00015,0.00305,0.0001
1761314412483,110828.98,110828.97,110828.95,110828.94,110828.93,110828.92,110828.91,110828.9,110828.89,110828.69,2.51856,0.0453,0.04515,0.0453,0.27512,0.0453,0.34302,0.0452,0.0452,0.01786,110828.99,110829.0,110834.53,110835.71,110836.56,110840.0,110840.05,110840.06,110840.08,110841.72,0.09943,0.0007,0.00248,0.0001,0.00021,5e-05,0.0001,0.00015,0.00305,0.02115
1761314412582,110828.98,110828.97,110828.95,110828.94,110828.93,110828.92,110828.91,110828.9,110828.89,110828.69,2.4975,0.0453,0.0453,0.04525,0.27507,0.0452,0.34302,0.0452,0.0452,0.01786,110828.99,110829.0,110829.42,110834.53,110835.46,110835.71,110836.56,110840.0,110840.08,110841.71,0.08716,0.0007,5e-05,0.00248,0.0001,0.0001,0.00021,5e-05,0.0031,0.0001
1761314412682,110828.98,110828.97,110828.95,110828.94,110828.93,110828.92,110828.91,110828.9,110828.89,110828.69,2.4975,0.0453,0.0453,0.04525,0.27507,0.0452,0.34302,0.0452,0.0452,0.01786,110828.99,110829.0,110829.42,110834.53,110835.18,110836.56,110840.0,110840.08,110841.71,110841.72,0.08716,0.0007,5e-05,0.00248,0.0001,0.00021,5e-05,0.0031,0.0001,0.02125
1761314412782,110834.52,110834.51,110834.45,110834.03,110834.02,110831.28,110829.41,110829.06,110829.0,110828.99,4.45469,9e-05,0.0001,0.26991,0.13,0.0025,0.3156,0.04,1.71406,0.31555,110834.53,110834.54,110840.0,110840.08,110841.69,110841.71,110841.72,110841.73,110842.1,110842.83,0.01772,0.0009,5e-05,0.00315,0.0001,0.0001,0.02135,0.0001,0.00021,0.0001
1761314412882,110834.54,110834.53,110834.52,110834.45,110834.03,110834.02,110831.28,110830.5,110829.41,110829.06,4.08462,2.34508,0.13017,0.0001,0.27006,0.13,0.0025,5e-05,5e-05,0.04005,110834.55,110834.56,110834.63,110840.0,110840.08,110841.11,110841.33,110841.71,110841.72,110842.83,0.00089,0.0009,0.0001,5e-05,0.0032,0.0001,0.0001,0.0001,0.0003,0.0001
1761314412982,110834.54,110834.53,110834.52,110834.45,110834.03,110834.02,110833.5,110833.46,110831.28,110830.5,4.26621,0.8947,0.0803,0.0001,0.51925,0.13,0.01,0.06748,0.0025,5e-05,110834.55,110834.56,110834.63,110840.0,110840.08,110840.66,110841.72,110842.83,110842.85,110843.66,0.21395,0.00065,0.0001,5e-05,0.0032,0.0001,0.0001,0.0001,0.00075,0.00021
1761314413082,110834.54,110834.53,110834.52,110834.45,110834.03,110834.02,110834.0,110833.5,110833.46,110832.76,4.43508,0.5797,0.08545,0.0001,0.51925,0.09,0.1,0.01005,0.06748,5e-05,110834.55,110834.56,110834.63,110840.0,110840.08,110842.83,110842.85,110843.66,110844.91,110845.63,0.29237,0.00065,0.0001,5e-05,0.0032,0.0001,0.0008,0.00021,7e-05,0.13517
1761314413183,110834.54,110834.53,110834.52,110834.45,110834.03,110834.02,110834.0,110833.5,110833.46,110832.76,4.43508,0.5797,0.13032,0.0001,0.51925,0.09,0.10005,0.01005,0.06748,5e-05,110834.55,110834.56,110834.63,110840.0,110840.08,110842.83,110842.85,110843.66,110844.91,110845.62,0.29297,0.0006,0.0001,5e-05,0.0032,0.0001,0.0008,0.00021,7e-05,0.0001
1761314413282,110834.54,110834.53,110834.52,110834.45,110834.03,110834.02,110834.0,110833.5,110833.46,110832.76,3.92796,0.5797,0.13032,0.0001,0.51925,0.0001,0.10005,0.01005,0.06748,5e-05,110834.55,110834.56,110834.63,110840.0,110840.08,110842.83,110842.85,110843.66,110844.91,110845.62,0.29302,0.0006,0.0001,5e-05,0.0032,0.0001,0.0008,0.00021,7e-05,0.0001
1761314413382,110834.54,110834.53,110834.52,110834.45,110834.03,110834.0,110833.5,110833.46,110832.76,110831.28,3.92796,0.13019,0.08545,0.0001,0.51925,0.1001,0.01005,5e-05,5e-05,0.0025,110834.55,110834.56,110834.63,110840.0,110840.08,110842.83,110842.85,110843.66,110844.91,110845.62,0.2939,0.00065,0.0001,5e-05,0.0032,0.0001,0.0008,0.00021,7e-05,0.0001
1761314413482,110834.54,110834.53,110834.52,110834.45,110834.04,110834.03,110834.01,110834.0,110833.5,110832.76,3.85493,0.13029,0.08545,0.0001,0.0001,0.38203,0.0001,0.1001,5e-05,5e-05,110834.55,110834.56,110834.63,110840.0,110840.08,110842.83,110842.85,110843.66,110844.91,110845.62,0.37086,0.0005,0.0001,5e-05,0.0032,0.0001,0.0008,0.00021,7e-05,0.0001
1761314413582,110834.54,110834.53,110834.52,110834.45,110834.04,110834.03,110834.01,110834.0,110832.76,110831.28,3.85493,0.13029,0.13032,0.0001,0.0001,0.38203,0.0001,0.1001,5e-05,0.0025,110834.55,110834.56,110834.63,110840.0,110840.08,110842.83,110842.85,110844.91,110845.62,110845.63,0.40258,0.00055,0.0001,5e-05,0.0032,0.0001,0.0008,7e-05,0.0001,0.18035
1761314413682,110834.54,110834.53,110834.52,110834.45,110834.04,110834.03,110834.01,110834.0,110831.28,110830.77,3.94793,0.13029,0.08545,0.0001,0.0001,0.38203,0.0001,0.1001,0.0025,0.00691,110834.55,110834.56,110834.63,110840.0,110840.08,110842.83,110842.85,110844.91,110845.62,110845.63,0.44832,0.0005,0.0001,5e-05,0.0032,0.0001,0.0008,7e-05,0.0001,0.18035
1761314413782,110834.54,110834.53,110834.52,110834.45,110834.04,110834.03,110834.01,110834.0,110831.28,110830.77,3.7289,0.039,0.08545,0.0001,0.0001,0.38203,0.0001,0.1001,0.0025,0.00691,110834.55,110834.56,110834.63,110840.0,110840.08,110842.38,110842.83,110842.85,110844.91,110845.62,1.08556,0.0005,0.0001,5e-05,0.0032,0.00021,0.0001,0.0008,7e-05,0.7006
1761314413882,110834.54,110834.53,110834.52,110834.45,110834.04,110834.03,110834.01,110834.0,110831.28,110830.77,3.67446,0.039,0.08545,0.0001,0.0001,0.38203,0.0001,0.1001,0.0025,0.00691,110834.55,110834.56,110834.63,110840.0,110840.08,110842.38,110842.83,110842.85,110844.91,110845.61,1.24082,0.00055,0.0001,5e-05,0.0032,0.00021,0.0001,0.0008,7e-05,0.3577
1761314413983,110834.54,110834.53,110834.52,110834.45,110834.04,110834.03,110834.01,110834.0,110831.28,110830.77,3.68328,0.039,0.08545,0.0001,0.0001,0.38203,0.0001,0.1001,0.0025,0.00691,110834.55,110834.56,110834.63,110840.0,110840.08,110842.38,110842.83,110842.85,110844.91,110845.6,0.55778,0.0006,0.0001,5e-05,0.0032,0.00021,0.0001,0.0008,7e-05,0.0001
1761314414082,110834.54,110834.53,110834.52,110834.45,110834.04,110834.03,110834.01,110834.0,110830.77,110830.65,1.60005,0.001,0.08545,0.0001,0.0001,0.00015,0.0001,0.0001,5e-05,5e-05,110834.55,110834.56,110834.63,110838.78,110839.99,110840.0,110840.08,110840.16,110842.83,110842.85,1.80291,0.00025,0.0001,0.00021,0.00275,5e-05,0.0032,0.0025,0.0001,0.0001
1761314414182,110834.54,110834.53,110834.52,110834.45,110830.65,110830.5,110829.03,110829.02,110828.99,110828.98,1.59926,0.0008,0.04535,0.0001,5e-05,5e-05,0.24689,0.00015,0.0001,0.12384,110834.55,110834.56,110834.63,110838.78,110839.99,110840.0,110840.08,110840.16,110842.83,110843.87,1.69099,5e-05,0.0001,0.00021,0.00295,5e-05,0.0032,0.0026,0.0001,0.02089
1761314414282,110834.54,110834.53,110834.52,110834.45,110830.5,110829.04,110829.03,110828.99,110828.98,110828.97,1.59288,0.0008,0.04535,0.0001,5e-05,0.21922,0.0001,0.0001,0.12384,0.0452,110834.55,110834.56,110834.63,110838.78,110839.99,110840.0,110840.08,110840.16,110842.83,110843.86,1.69175,5e-05,0.0001,0.00021,0.00295,5e-05,0.0032,0.0026,0.0001,0.0001
1761314414382,110834.54,110834.53,110834.52,110834.45,110834.41,110830.5,110829.05,110829.04,110828.99,110828.98,1.58293,0.0008,0.0453,0.0001,0.01,5e-05,0.0001,0.14551,0.0001,0.12384,110834.55,110834.56,110834.63,110838.78,110838.98,110839.99,110840.0,110840.08,110840.16,110841.2,1.69175,5e-05,0.0001,0.00021,0.00361,0.00295,5e-05,0.0032,0.0026,0.00541
1761314414482,110834.54,110834.53,110834.52,110834.45,110834.42,110834.41,110833.7,110831.77,110830.5,110829.05,1.58303,0.0009,0.0453,0.0001,0.0001,5e-05,0.01,0.00198,5e-05,0.0001,110834.55,110834.56,110834.63,110835.65,110837.32,110838.78,110838.98,110839.99,110840.0,110840.08,1.6919,0.0001,0.0001,0.00099,0.00198,0.00021,0.00381,0.00295,5e-05,0.0031
1761314414583,110834.54,110834.53,110834.52,110834.45,110833.71,110833.7,110833.05,110831.77,110830.5,110829.05,1.61323,0.00085,0.04535,0.0001,0.0001,0.00015,0.01,0.00198,5e-05,0.0001,110834.55,110834.56,110834.63,110835.65,110837.32,110838.78,110838.98,110839.99,110840.0,110840.08,1.64754,0.00035,0.0001,0.00119,0.00218,0.00021,0.00371,0.0028,5e-05,0.003
1761314414682,110834.54,110834.53,110834.52,110834.45,110833.06,110833.05,110831.77,110830.5,110829.05,110829.04,1.70506,0.0002,0.04535,0.0001,0.0001,0.00015,0.00198,5e-05,0.0001,0.14551,110834.55,110834.56,110834.63,110835.65,110837.32,110838.78,110838.98,110839.99,110840.0,110840.08,1.31652,0.0008,0.0001,0.00119,0.00208,0.00021,0.00366,0.00275,5e-05,0.003
1761314414783,110834.54,110834.53,110834.52,110834.45,110831.77,110830.65,110830.5,110829.05,110829.04,110828.99,1.96564,0.0001,0.04535,0.0001,0.00208,5e-05,5e-05,0.0001,0.14556,0.0001,110834.55,110834.56,110834.63,110835.65,110837.32,110837.73,110838.98,110839.99,110840.0,110840.08,0.79786,0.0007,0.0001,0.00119,0.00208,0.04031,0.00366,0.00275,5e-05,0.003
1761314414882,110834.54,110834.53,110834.52,110834.45,110831.77,110831.65,110830.65,110830.5,110829.05,110829.04,2.01227,0.0001,0.04535,0.0001,0.00208,5e-05,5e-05,5e-05,0.0001,0.14556,110834.55,110834.56,110834.63,110835.65,110837.32,110837.72,110837.73,110838.98,110839.99,110840.0,0.84081,0.00075,0.0001,0.00119,0.00208,0.01323,0.04041,0.00361,0.00275,5e-05
1761314414982,110834.54,110834.53,110834.52,110834.45,110831.77,110831.65,110830.65,110830.5,110829.05,110829.04,2.16557,0.0001,0.04535,0.0001,0.00208,5e-05,5e-05,5e-05,0.0001,0.14556,110834.55,110834.56,110834.63,110835.65,110837.32,110837.71,110837.72,110837.73,110838.98,110839.99,0.84091,0.0008,0.0001,0.00119,0.00208,0.0001,0.01333,0.04036,0.00361,0.00275
1761314415083,110834.54,110834.53,110834.52,110834.45,110831.77,110831.65,110830.65,110830.5,110829.05,110829.04,2.16557,0.0001,0.04535,0.0001,0.00208,5e-05,5e-05,5e-05,0.0001,0.14556,110834.55,110834.56,110834.63,110835.65,110837.32,110837.71,110837.72,110837.73,110838.98,110839.99,0.79801,0.0008,0.0001,0.00119,0.00208,0.0001,0.01333,0.04036,0.00361,0.00275
1761314415182,110834.54,110834.53,110834.52,110834.45,110831.77,110831.65,110830.65,110830.5,110829.05,110829.04,2.16557,0.0001,0.04535,0.0001,0.00208,5e-05,5e-05,5e-05,0.0001,0.14556,110834.55,110834.56,110834.63,110835.65,110837.32,110837.71,110837.72,110837.73,110838.98,110839.99,0.79801,0.0008,0.0001,0.00119,0.00208,0.0001,0.01333,0.04036,0.00361,0.00275
1761314415282,110834.54,110834.53,110834.52,110834.45,110831.77,110831.65,110830.5,110829.05,110829.04,110828.99,2.16612,0.0001,0.04535,0.0001,0.00208,5e-05,5e-05,0.0001,0.14556,0.0001,110834.55,110834.56,110834.63,110835.65,110837.32,110837.71,110837.72,110837.73,110838.98,110839.49,0.80754,0.0007,0.0001,0.00119,0.00208,0.0001,0.01333,0.04036,0.00361,5e-05
1761314415382,110834.54,110834.53,110834.52,110834.45,110831.77,110831.65,110830.5,110829.05,110829.04,110828.99,2.16617,0.0001,0.04535,0.0001,0.00208,5e-05,5e-05,0.0001,0.14556,0.0001,110834.55,110834.56,110834.63,110835.65,110837.32,110837.71,110837.72,110837.73,110838.98,110839.49,0.80754,0.0007,0.0001,0.00119,0.00208,0.0001,0.01333,0.04036,0.00361,5e-05
1761314415482,110834.54,110834.53,110834.52,110834.45,110831.77,110831.65,110830.5,110829.05,110829.04,110828.99,2.01227,0.0001,0.04535,0.0001,0.00208,5e-05,5e-05,0.0001,0.14556,0.0001,110834.55,110834.56,110834.63,110835.65,110836.07,110837.32,110837.71,110837.72,110837.73,110838.98,0.7284,0.00075,0.0001,0.00119,5e-05,0.00208,0.0001,0.00025,0.04041,0.00361
1761314415583,110834.54,110834.53,110834.52,110834.45,110831.77,110831.65,110830.5,110829.05,110829.04,110828.99,2.01227,0.0001,0.04535,0.0001,0.00208,5e-05,5e-05,0.0001,0.14556,0.0001,110834.55,110834.56,110834.63,110835.65,110836.07,110837.32,110837.72,110837.73,110838.98,110839.49,0.72845,0.0007,0.0001,0.00119,5e-05,0.00208,0.01324,0.00015,0.00361,5e-05
1761314415682,110834.54,110834.53,110834.52,110834.45,110831.77,110831.65,110830.5,110829.05,110829.04,110828.99,2.01227,0.0001,0.04535,0.0001,0.00208,5e-05,5e-05,0.0001,0.14556,0.0001,110834.55,110834.56,110834.63,110835.65,110836.07,110837.32,110837.71,110837.72,110838.98,110839.49,0.72835,0.00055,0.0001,0.00119,5e-05,0.00208,0.0001,0.00015,0.00361,5e-05
1761314415782,110834.54,110834.53,110834.52,110834.45,110831.77,110831.65,110830.5,110829.05,110829.04,110828.99,2.16657,0.0001,0.04535,0.0001,0.00208,5e-05,5e-05,0.0001,0.14556,0.0001,110834.55,110834.56,110834.63,110835.65,110836.07,110837.32,110838.98,110839.49,110839.99,110840.0,0.72839,0.0006,0.0001,0.00119,5e-05,0.00208,0.00366,5e-05,0.00275,5e-05
1761314415882,110835.64,110834.55,110834.54,110834.52,110834.45,110831.77,110831.65,110831.28,110830.5,110829.05,0.9927,0.52969,2.69188,0.09022,0.0001,0.00208,5e-05,0.0025,5e-05,0.0899,110835.65,110836.07,110837.32,110838.35,110838.98,110839.49,110839.99,110840.0,110840.08,110841.2,0.00119,5e-05,0.00208,0.0001,0.00366,5e-05,0.00275,5e-05,0.003,0.00546
1761314415982,110845.58,110845.51,110844.91,110840.04,110840.0,110839.99,110835.72,110835.65,110835.64,110834.56,3.79115,0.0001,0.04,0.00017,5e-05,0.13935,0.0025,1.78454,0.1002,0.67641,110845.59,110845.6,110845.61,110845.67,110846.03,110846.04,110847.26,110847.27,110847.37,110847.38,0.18619,0.00155,0.0008,0.0001,0.1704,0.0283,0.0001,0.00067,0.00719,5e-05
1761314416082,110845.58,110845.57,110845.51,110844.92,110844.91,110841.52,110840.04,110840.0,110839.99,110836.25,3.43722,5e-05,0.0001,0.0001,0.0402,0.04571,0.00017,0.00015,0.13955,5e-05,110845.59,110845.6,110845.61,110845.67,110846.02,110846.03,110846.04,110847.27,110847.37,110847.38,0.78933,0.00155,0.00075,0.0001,0.0001,0.0003,0.02835,0.00057,0.00719,5e-05
1761314416184,110845.58,110845.51,110844.92,110844.91,110841.53,110841.52,110840.04,110840.0,110839.99,110838.52,3.27956,0.0001,0.0001,0.04015,0.0554,0.04581,0.00017,5e-05,0.1395,0.0899,110845.59,110845.6,110845.61,110845.67,110846.03,110846.04,110847.27,110847.36,110847.37,110847.38,0.78928,0.00155,0.0007,0.0001,0.0002,0.02835,0.00057,0.0001,0.00719,5e-05
1761314416282,110845.58,110845.51,110844.91,110843.66,110841.53,110841.52,110840.04,110840.0,110839.99,110839.65,3.43476,0.0001,0.0402,0.06748,0.0556,0.00015,0.00017,5e-05,0.13945,0.00578,110845.59,110845.6,110845.61,110846.03,110846.04,110847.27,110847.36,110847.37,110847.38,110848.25,0.05099,0.00155,0.0007,0.0001,0.0284,0.00062,0.0001,0.00719,5e-05,5e-05
1761314416382,110845.58,110845.51,110844.91,110843.66,110841.72,110841.53,110841.27,110840.16,110840.04,110840.0,3.43476,0.0001,0.0402,0.06768,5e-05,0.0555,0.04571,0.0025,0.00017,5e-05,110845.59,110845.6,110845.61,110846.03,110846.04,110847.27,110847.36,110847.37,110847.38,110847.82,0.0503,0.00125,0.0005,0.0001,0.0284,0.00062,0.0001,0.00719,5e-05,0.0001
1761314416482,110845.58,110845.51,110844.91,110843.83,110843.66,110841.72,110841.53,110841.27,110840.16,110840.04,3.48047,0.0001,0.0402,5e-05,0.06768,5e-05,0.0555,5e-05,0.0025,0.00017,110845.59,110845.6,110845.61,110846.03,110846.04,110847.27,110847.36,110847.37,110847.38,110848.25,0.0503,0.00125,0.00045,0.0001,0.0284,0.00062,0.0001,0.00719,5e-05,5e-05
1761314416583,110845.58,110845.51,110844.91,110844.6,110844.0,110843.83,110843.66,110842.25,110841.72,110841.53,3.52047,0.0001,0.0402,0.0025,0.1,5e-05,0.06768,0.0899,5e-05,0.05555,110845.59,110845.6,110845.61,110846.03,110846.04,110847.27,110847.36,110847.37,110847.38,110848.25,0.04931,0.00125,0.00045,0.0001,0.0284,5e-05,0.0001,0.00719,5e-05,5e-05
1761314416682,110845.58,110845.51,110844.91,110844.6,110844.01,110844.0,110843.83,110843.66,110842.25,110841.72,3.56534,0.0001,0.0402,0.0026,0.11939,0.10015,5e-05,0.06758,0.08995,5e-05,110845.59,110845.6,110845.61,110846.03,110846.04,110847.36,110847.37,110847.38,110848.25,110848.37,0.04931,0.00125,0.00045,0.0001,0.0284,0.0001,0.00724,5e-05,5e-05,0.00099
1761314416783,110845.58,110845.51,110844.91,110844.6,110844.01,110844.0,110843.83,110843.66,110842.25,110841.72,3.56534,0.0001,0.0402,0.0026,0.11949,0.1001,5e-05,0.06758,0.08995,5e-05,110845.59,110845.6,110845.61,110846.03,110846.04,110847.36,110847.37,110847.38,110848.25,110848.37,0.04922,0.00125,0.00045,0.0001,0.0284,0.0001,0.00724,5e-05,5e-05,0.00099
1761314416883,110847.37,110847.36,110846.04,110846.03,110846.02,110846.0,110845.61,110845.6,110845.59,110845.58,4.25313,0.04015,3.61821,0.31565,0.85595,0.1,0.0899,0.3151,5e-05,0.35057,110847.38,110847.39,110847.4,110848.37,110849.99,110850.0,110851.7,110851.96,110852.28,110852.78,0.00144,0.00146,0.0009,0.00119,0.0001,0.0202,0.00366,0.0001,0.0015,5e-05
1761314416983,110857.36,110857.29,110857.21,110852.27,110851.7,110851.69,110849.04,110847.38,110847.37,110847.36,5.37101,0.0001,0.04,0.13139,0.44951,0.39185,0.0025,2.79809,0.42081,0.04005,110857.37,110857.38,110857.45,110858.36,110859.99,110860.0,110860.43,110861.34,110861.35,110862.22,0.18009,0.0009,0.0001,0.0032,0.0001,0.00015,0.00349,0.0001,5e-05,0.00154
1761314417083,110857.37,110857.36,110857.29,110857.21,110853.48,110853.46,110852.27,110851.83,110851.7,110851.69,6.01144,1.27635,0.0001,0.0402,0.0025,0.0899,0.13144,0.00049,0.44961,0.3913,110857.38,110857.39,110857.46,110858.36,110859.33,110860.0,110860.43,110862.22,110862.33,110862.39,0.17978,0.0009,0.0001,0.0032,5e-05,5e-05,0.00369,0.00164,0.0001,0.0001
1761314417182,110857.37,110857.36,110857.29,110857.21,110853.49,110853.48,110853.46,110852.27,110851.83,110851.7,6.07398,0.86135,0.0001,0.0402,0.008,0.00255,0.09,0.13139,0.00049,0.44956,110857.38,110857.39,110857.46,110858.36,110859.33,110860.0,110860.43,110862.22,110866.89,110867.29,0.18965,0.00075,0.0001,0.0032,5e-05,5e-05,0.00359,0.00159,5e-05,7e-05
1761314417282,110857.37,110857.36,110857.29,110857.21,110853.49,110853.48,110853.46,110852.27,110851.83,110851.7,6.04406,0.86135,0.0001,0.0402,0.0001,0.0025,0.09,0.13139,0.00049,0.44956,110857.38,110857.39,110857.46,110858.36,110859.33,110860.0,110860.43,110862.22,110866.29,110866.89,0.2289,0.0007,0.0001,0.0032,5e-05,5e-05,0.00359,0.00159,0.00018,5e-05
1761314417382,110857.37,110857.36,110857.29,110857.21,110853.48,110853.46,110852.27,110851.83,110851.81,110851.7,6.04406,0.86135,0.0001,0.0402,0.00255,0.09,0.13139,0.00049,0.11271,0.44956,110857.38,110857.39,110857.46,110858.36,110859.33,110860.0,110860.43,110862.22,110866.29,110866.89,0.1802,0.0009,0.0001,0.0032,5e-05,5e-05,0.00359,0.00159,0.00018,5e-05
1761314417482,110857.37,110857.36,110857.29,110857.21,110853.48,110853.46,110852.79,110852.27,110851.83,110851.81,6.04406,0.86135,0.0001,0.0402,0.00255,0.09,5e-05,0.13139,0.00049,0.11271,110857.38,110857.39,110857.46,110858.36,110859.33,110860.0,110860.43,110862.22,110866.29,110866.89,0.04655,0.0008,0.0001,0.0032,5e-05,5e-05,0.00359,0.00159,0.00018,5e-05
1761314417583,110867.26,110860.0,110858.35,110858.0,110857.39,110857.38,110857.37,110857.36,110857.21,110855.56,3.3731,5e-05,0.00015,0.061,2.11447,0.00015,0.88809,0.29852,5e-05,7e-05,110867.27,110867.28,110867.29,110868.33,110869.44,110869.55,110869.56,110869.64,110870.82,110871.21,0.28438,0.00105,0.17922,0.0002,0.0031,0.13422,0.00015,5e-05,0.00022,0.7002
1761314417683,110867.26,110860.0,110858.0,110857.92,110857.4,110857.39,110857.37,110857.36,110855.56,110853.48,3.43529,5e-05,0.06115,0.0025,0.68952,0.18134,0.51309,0.29847,7e-05,0.0025,110867.27,110867.28,110867.29,110869.44,110869.54,110869.55,110869.64,110870.4,110870.82,110871.2,0.3315,0.0011,0.00025,0.0031,0.0001,0.19219,5e-05,5e-05,0.00022,0.0001
1761314417782,110867.26,110860.0,110858.0,110857.92,110857.4,110857.39,110857.37,110857.36,110855.56,110853.48,3.59789,5e-05,0.06115,0.0026,0.06557,0.18124,0.51304,0.13387,7e-05,0.0025,110867.27,110867.28,110869.44,110869.54,110869.55,110869.64,110870.4,110870.82,110874.0,110874.5,0.28633,0.00105,0.0032,0.0001,0.00015,5e-05,5e-05,0.00022,0.00155,5e-05
1761314417885,110867.26,110860.0,110858.0,110857.92,110857.4,110857.39,110857.37,110857.36,110855.56,110853.48,3.59789,5e-05,0.06115,0.0026,0.18483,0.18124,0.51304,0.13387,7e-05,0.0025,110867.27,110867.28,110869.44,110869.64,110870.4,110870.82,110874.0,110874.5,110875.11,110875.47,0.23997,0.0012,0.0032,5e-05,5e-05,0.00022,0.0016,5e-05,0.00015,0.00155
1761314417983,110867.26,110867.25,110865.48,110860.0,110858.01,110858.0,110857.92,110857.41,110857.4,110857.39,1.89506,0.0082,0.04149,5e-05,0.30441,0.06115,0.0026,0.0001,0.18493,0.09134,110867.27,110867.28,110869.44,110869.64,110870.4,110870.82,110871.23,110871.44,110872.86,110874.0,2.14342,0.0005,0.0032,5e-05,5e-05,0.00022,0.04508,0.00128,0.00015,0.0016
1761314418082,110867.26,110867.25,110865.49,110865.48,110863.52,110862.82,110860.0,110858.59,110858.02,110858.01,0.79007,0.00835,0.01248,0.0001,0.29763,0.04148,5e-05,5e-05,0.15847,0.30446,110867.27,110867.28,110869.44,110869.64,110870.4,110870.82,110871.22,110871.23,110871.44,110872.86,2.36985,0.00025,0.0032,5e-05,5e-05,0.00022,0.01394,0.04523,0.00133,0.00015
1761314418182,110867.26,110867.25,110866.31,110865.5,110865.49,110863.53,110863.52,110862.83,110862.82,110861.98,0.36161,0.00835,0.29762,0.0001,0.09982,0.0001,0.0001,0.0001,5e-05,0.03986,110867.27,110867.28,110869.44,110869.64,110870.4,110870.82,110871.22,110871.23,110871.44,110871.54,2.6187,5e-05,0.0032,5e-05,5e-05,0.00022,0.01409,0.04523,0.00133,0.04026
1761314418283,110867.26,110867.25,110866.32,110866.31,110865.98,110865.5,110865.49,110863.26,110861.99,110861.98,0.0411,0.00835,0.0001,0.00015,5e-05,0.0001,0.0001,0.29763,0.0001,5e-05,110867.27,110867.87,110869.44,110869.64,110870.4,110870.82,110871.22,110871.23,110871.24,110871.44,3.54047,0.04032,0.0032,5e-05,5e-05,0.00022,0.0244,0.04523,0.0025,0.00133
1761314418382,110863.26,110860.0,110858.68,110858.67,110858.59,110858.03,110858.02,110857.72,110857.37,110857.36,0.76413,5e-05,0.01452,0.04009,5e-05,0.0529,0.00015,9e-05,5e-05,0.00516,110863.27,110867.26,110867.27,110867.87,110869.44,110869.64,110870.4,110870.82,110871.22,110871.23,4.89356,1.79698,0.00169,0.04057,0.0031,5e-05,5e-05,0.00022,0.0001,5e-05
1761314418482,110863.26,110860.0,110858.69,110858.68,110858.67,110858.59,110858.04,110858.03,110857.72,110857.36,0.76423,5e-05,0.0001,0.02866,0.04009,5e-05,0.0001,0.0529,9e-05,0.00511,110863.27,110867.25,110867.26,110867.27,110867.87,110869.44,110869.64,110870.4,110870.82,110871.24,4.89371,0.56331,0.70045,0.00159,0.04047,0.00305,5e-05,5e-05,0.00022,0.0025
1761314418584,110863.26,110860.0,110858.69,110858.68,110858.67,110858.59,110858.04,110858.03,110857.72,110857.36,0.60864,5e-05,0.0001,0.02871,0.04014,5e-05,0.0001,0.05295,9e-05,0.00511,110863.27,110867.24,110867.25,110867.26,110867.27,110867.87,110868.27,110869.44,110869.64,110870.4,4.97239,0.40395,0.00025,0.7005,0.00149,0.04047,5e-05,0.003,5e-05,5e-05
1761314418682,110863.26,110860.0,110858.69,110858.68,110858.67,110858.04,110858.03,110857.72,110857.36,110856.17,0.64864,5e-05,0.0001,0.02871,0.04014,0.0001,0.05295,9e-05,0.00511,0.003,110863.27,110867.24,110867.26,110867.27,110867.87,110868.27,110869.44,110869.64,110870.4,110870.82,4.97259,0.23618,0.7005,0.00149,0.04047,5e-05,0.003,5e-05,5e-05,0.00022
1761314418782,110863.26,110860.0,110858.69,110858.68,110858.67,110858.04,110858.03,110857.72,110857.36,110856.18,0.64864,5e-05,0.0001,0.02871,0.04014,0.0001,0.00015,9e-05,0.00511,0.0279,110863.27,110867.24,110867.26,110867.27,110867.87,110868.27,110869.44,110869.64,110870.82,110871.24,5.67279,0.02701,0.0003,0.00149,0.04047,5e-05,0.003,5e-05,0.00022,0.0025
1761314418882,110863.26,110860.0,110858.69,110858.68,110858.67,110857.72,110857.36,110856.19,110856.18,110856.17,0.62096,5e-05,0.0001,0.02871,0.04009,9e-05,0.00516,0.0001,0.02795,0.003,110863.27,110867.24,110867.26,110867.27,110867.87,110868.27,110869.44,110869.64,110870.82,110871.24,5.66332,0.02696,0.0002,0.00149,0.04047,5e-05,0.003,5e-05,0.00022,0.0025
1761314418982,110863.26,110860.0,110858.69,110858.68,110858.67,110857.72,110857.36,110856.19,110856.18,110855.56,0.7768,5e-05,0.0001,0.02871,0.04009,9e-05,0.00516,0.0001,0.07805,7e-05,110863.27,110867.24,110867.27,110867.87,110868.27,110869.44,110869.64,110870.82,110871.24,110871.44,5.66305,0.02696,0.00159,0.04052,5e-05,0.00305,5e-05,0.00022,0.0025,0.00128
1761314419082,110863.26,110860.0,110858.69,110858.68,110858.67,110857.72,110857.36,110856.19,110856.18,110855.56,0.53754,5e-05,0.0001,0.02871,0.04014,9e-05,0.00516,0.0001,0.0001,7e-05,110863.27,110867.24,110867.27,110867.87,110868.27,110869.44,110869.64,110870.82,110871.24,110871.44,5.68305,0.02701,0.00159,0.04052,5e-05,0.00305,5e-05,0.00022,0.0025,0.00128
1761314419182,110863.26,110860.0,110858.69,110858.68,110858.67,110857.72,110857.36,110855.56,110854.46,110854.45,0.54769,5e-05,0.0001,0.01472,0.04021,9e-05,0.00516,7e-05,0.0001,0.01853,110863.27,110866.8,110867.24,110867.27,110867.87,110868.27,110869.44,110869.64,110870.37,110870.82,5.68305,0.0025,0.02701,0.00159,0.04052,5e-05,0.00305,5e-05,0.29761,0.00022
1761314419282,110863.26,110860.0,110858.69,110858.68,110858.67,110857.72,110857.36,110855.56,110854.46,110854.45,0.54769,5e-05,0.0001,0.01472,0.04021,9e-05,0.00516,7e-05,0.0001,0.01853,110863.27,110866.8,110867.24,110867.27,110867.87,110868.27,110869.44,110869.64,110870.37,110870.82,5.68315,0.0027,0.10046,0.00149,0.04042,5e-05,0.003,5e-05,0.29766,0.00022
1761314419382,110863.26,110863.25,110860.0,110858.69,110858.68,110858.67,110857.72,110857.36,110855.74,110855.56,0.45646,0.00171,5e-05,0.0001,0.01472,0.00015,9e-05,0.00516,0.03979,7e-05,110863.27,110866.47,110866.79,110866.8,110867.24,110867.27,110867.87,110868.27,110868.76,110869.44,5.79576,0.06748,0.0011,0.0027,0.10046,0.00149,0.04042,5e-05,0.29761,0.003
1761314419482,110863.26,110863.25,110863.19,110860.0,110858.69,110858.68,110857.72,110857.36,110855.75,110855.74,0.45876,0.00181,0.0001,5e-05,0.0001,0.01457,9e-05,0.00516,0.0001,0.03984,110863.27,110863.35,110866.46,110866.47,110866.79,110866.8,110867.24,110867.27,110867.87,110868.27,5.79631,0.0001,0.02128,0.06773,0.0013,0.0026,0.10031,0.00139,0.04037,5e-05
1761314419582,110863.26,110863.25,110863.19,110860.0,110858.69,110858.68,110857.72,110857.36,110855.75,110855.74,0.45876,0.00181,0.0001,5e-05,0.0001,0.01457,9e-05,0.00516,0.0001,0.03984,110863.27,110863.35,110866.45,110866.46,110866.47,110866.79,110866.8,110867.23,110867.24,110867.27,5.87886,0.0001,0.0001,0.02163,0.06773,0.0012,0.00255,0.0001,0.10026,0.00139
1761314419682,110863.26,110863.25,110863.19,110860.0,110858.69,110858.68,110857.72,110857.36,110855.75,110855.74,0.4599,0.00186,0.0001,5e-05,0.0001,0.01462,9e-05,0.00516,0.0001,0.03984,110863.27,110863.35,110866.45,110866.46,110866.47,110866.79,110866.8,110867.23,110867.24,110867.27,5.8804,0.0001,0.0001,0.02168,0.06778,0.0012,0.00255,0.0001,0.10026,0.00139
1761314419782,110863.26,110863.25,110863.19,110860.0,110858.69,110858.68,110857.72,110857.36,110855.75,110855.74,0.61574,0.00186,0.0001,5e-05,0.0001,0.01462,9e-05,0.00516,0.0778,0.03984,110863.27,110863.35,110866.45,110866.46,110866.47,110866.79,110866.8,110867.23,110867.24,110867.27,5.18015,0.0001,0.0001,0.02168,0.06778,0.0012,0.00255,0.0001,0.01474,0.00139
1761314419882,110863.26,110863.25,110863.19,110862.47,110860.0,110858.69,110858.68,110857.72,110857.36,110855.76,1.24592,0.00151,0.0001,0.1555,5e-05,0.0001,0.03504,9e-05,0.00516,0.0001,110863.27,110863.28,110863.35,110866.45,110866.46,110866.47,110866.79,110866.8,110867.23,110867.24,4.64154,0.00065,0.0001,0.0001,0.02168,0.0003,0.0012,0.00255,0.0001,0.01474
1761314419982,110863.26,110863.25,110863.19,110862.48,110862.47,110860.0,110858.69,110858.68,110857.72,110857.36,1.42571,0.00151,0.0001,0.08338,0.15565,5e-05,0.0001,0.00015,9e-05,0.00511,110863.27,110863.28,110863.35,110866.45,110866.46,110866.47,110866.79,110867.23,110867.24,110867.27,3.94207,0.00065,0.0001,0.0001,0.0003,0.0001,0.00115,0.0001,0.0465,0.00139
1761314420082,110863.26,110863.25,110863.19,110862.49,110862.48,110862.47,110860.0,110857.92,110857.72,110857.71,1.34809,0.0002,0.0001,0.0001,0.08353,5e-05,5e-05,0.0025,9e-05,0.04487,110863.27,110863.28,110863.35,110866.46,110866.79,110867.23,110867.24,110867.27,110867.86,110867.87,2.15808,0.00055,0.0001,0.0002,0.0012,0.0001,0.02639,0.00139,0.0001,0.04042
1761314420183,110863.26,110863.25,110863.19,110862.49,110862.48,110860.0,110857.92,110857.72,110857.71,110857.36,1.67273,5e-05,0.0001,0.0001,0.05106,5e-05,0.0026,0.00019,0.04497,0.00511,110863.27,110863.28,110863.35,110865.11,110866.79,110867.23,110867.24,110867.27,110867.86,110867.87,1.91945,0.00045,0.0001,0.00015,0.0013,0.0001,0.01413,0.00144,0.0001,0.04042
1761314420282,110863.26,110863.25,110863.19,110862.49,110862.48,110860.0,110857.92,110857.72,110857.71,110857.36,1.36103,0.00248,0.0001,0.0001,0.05106,5e-05,0.0026,0.00019,0.04497,0.00511,110863.27,110863.28,110863.35,110865.11,110866.79,110867.23,110867.24,110867.27,110867.86,110867.87,2.23539,0.00045,0.0001,0.00015,0.0013,0.0001,0.01413,0.00144,0.0001,0.04042
1761314420382,110863.26,110863.25,110863.19,110862.49,110862.48,110861.55,110860.0,110857.92,110857.72,110857.71,1.55068,0.00258,0.0001,0.0001,0.05106,5e-05,5e-05,0.00255,0.00019,0.04492,110863.27,110863.28,110863.35,110865.11,110866.79,110867.23,110867.24,110867.27,110867.86,110867.87,2.23539,0.00045,0.0001,0.00015,0.0013,0.0001,0.01413,0.00144,0.0001,0.04042
1761314420483,110863.26,110863.25,110863.19,110862.49,110862.48,110861.55,110860.0,110857.92,110857.72,110857.71,1.55073,0.00258,0.0001,0.0001,0.05106,5e-05,5e-05,0.00255,0.00019,0.04492,110863.27,110863.28,110863.35,110865.11,110866.79,110867.23,110867.24,110867.27,110867.86,110867.87,2.23544,0.00045,0.0001,0.00015,0.0013,0.0001,0.02577,0.00144,0.0001,0.04042
1761314420583,110863.26,110863.25,110863.19,110862.49,110862.48,110861.55,110860.0,110857.92,110857.72,110857.71,0.7179,0.0123,0.0001,0.0001,0.00015,5e-05,5e-05,5e-05,0.0503,5e-05,110863.27,110863.28,110863.35,110865.11,110866.79,110867.23,110867.24,110867.27,110867.86,110867.87,2.73028,0.00035,0.0001,0.00015,0.0013,0.0001,0.02577,0.00132,0.0001,0.04042
1761314420682,110863.26,110863.25,110863.19,110861.55,110860.0,110857.73,110857.72,110857.36,110855.76,110855.75,0.40083,0.0122,0.0001,5e-05,5e-05,0.0001,0.03696,0.00516,0.0001,0.0779,110863.27,110863.28,110863.35,110865.11,110866.79,110867.23,110867.24,110867.27,110867.87,110868.27,2.77846,0.00035,0.0001,0.00015,0.0013,0.0001,0.02577,0.00132,0.04042,5e-05
1761314420782,110863.26,110863.25,110863.19,110861.55,110860.0,110857.87,110857.86,110857.73,110857.72,110857.36,0.40013,0.0122,0.0001,5e-05,5e-05,0.0001,0.29764,0.0001,0.03696,0.00516,110863.27,110863.28,110863.35,110865.11,110866.79,110866.8,110867.24,110867.27,110867.87,110868.27,3.52378,0.00035,0.0001,0.00015,0.0013,0.0025,0.02577,0.00132,0.04042,5e-05
1761314420883,110863.26,110863.25,110863.19,110861.55,110860.0,110857.87,110857.86,110857.73,110857.72,110857.36,0.69791,0.0123,0.0001,5e-05,5e-05,0.16393,0.00015,0.0001,0.00019,0.00506,110863.27,110863.28,110863.35,110865.11,110866.79,110866.8,110867.23,110867.24,110867.27,110867.86,3.52383,0.00035,0.0001,0.00015,0.0013,0.0026,0.0001,0.02572,0.00127,0.0001
1761314420982,110863.26,110863.25,110863.19,110860.0,110857.88,110857.87,110857.72,110857.36,110855.77,110855.76,0.5052,0.01147,0.0001,5e-05,0.0001,0.07518,9e-05,0.00516,0.0001,0.00015,110863.27,110863.28,110863.35,110863.62,110865.11,110866.79,110866.8,110867.24,110867.27,110867.4,3.63585,0.0002,0.0001,0.06748,0.00015,0.0013,0.0026,0.02572,0.00127,0.29762
1761314421082,110863.26,110863.25,110863.19,110860.0,110857.88,110857.87,110857.72,110857.36,110855.56,110854.97,0.49166,0.01132,0.0001,5e-05,0.0001,0.0002,9e-05,0.00516,7e-05,0.0001,110863.27,110863.35,110863.61,110863.62,110864.35,110865.11,110866.21,110866.79,110866.8,110867.24,3.67656,0.0001,0.02135,0.06778,0.04811,0.00015,0.0404,0.0013,0.0026,0.16165
1761314421182,110863.26,110863.25,110863.19,110860.0,110857.72,110857.36,110855.56,110854.97,110854.9,110854.89,0.49161,0.01122,0.0001,5e-05,9e-05,0.00521,7e-05,0.1485,0.01876,0.04152,110863.27,110863.35,110863.6,110863.61,110863.62,110864.34,110864.35,110865.11,110866.2,110866.21,3.69965,0.0001,0.0001,0.04553,0.06778,0.0001,0.0002,0.00015,0.0001,0.00015
1761314421283,110863.26,110863.25,110863.19,110860.0,110857.72,110857.36,110855.56,110854.98,110854.97,110854.91,0.65956,0.01117,0.0001,5e-05,9e-05,0.00521,7e-05,0.08216,0.1486,0.0001,110863.27,110863.35,110863.6,110863.61,110863.62,110865.11,110866.79,110866.8,110867.23,110867.24,3.69645,0.0001,0.0001,0.02175,0.06778,0.00015,0.0012,0.00255,0.0001,0.1616
1761314421382,110863.26,110863.25,110863.19,110860.0,110857.72,110857.36,110855.56,110854.99,110854.98,110854.97,0.65956,0.01117,0.0001,5e-05,9e-05,0.00521,7e-05,0.0001,0.08226,0.14855,110863.27,110863.35,110863.6,110863.61,110863.62,110865.11,110866.79,110866.8,110867.23,110867.24,3.54071,0.0001,0.0001,0.02175,0.06778,0.00015,0.0012,0.00255,0.10429,5e-05
1761314421482,110863.26,110863.25,110863.19,110862.01,110860.0,110859.81,110857.72,110857.36,110855.56,110854.99,0.72721,0.01117,0.0001,0.1651,5e-05,0.32647,9e-05,0.00521,7e-05,0.0001,110863.27,110863.35,110863.6,110863.61,110863.62,110865.11,110866.79,110866.8,110867.22,110867.23,3.33642,0.0001,0.0001,0.02175,0.00025,0.00015,0.0012,0.00255,0.0001,0.04922
1761314421582,110863.26,110863.25,110863.19,110862.02,110862.01,110860.0,110859.82,110859.81,110857.72,110857.36,1.00555,0.01122,0.0001,0.14843,0.1652,5e-05,0.0001,0.32652,9e-05,0.00511,110863.27,110863.35,110863.6,110863.61,110865.11,110866.79,110866.8,110867.22,110867.23,110867.27,3.29139,0.0001,0.0001,0.0003,0.00015,0.0013,0.0026,0.0001,0.07668,0.00127
1761314421683,110863.26,110863.25,110863.19,110862.03,110862.02,110862.01,110860.0,110859.82,110859.81,110857.72,1.53292,0.01132,0.0001,0.0001,0.14863,0.16525,5e-05,0.0001,0.32657,9e-05,110863.27,110863.28,110863.35,110863.61,110864.66,110866.49,110866.79,110866.8,110867.22,110867.23,1.99418,0.00045,0.0001,0.0002,0.04036,0.00015,0.0013,0.0026,0.0001,0.07668
1761314421782,110863.26,110863.25,110863.19,110862.03,110862.02,110862.01,110860.0,110859.82,110859.81,110857.72,1.21751,0.01229,0.0001,0.0001,0.14863,0.16525,5e-05,0.0001,0.32657,0.00014,110863.27,110863.28,110863.35,110864.65,110864.66,110866.49,110866.79,110866.8,110867.22,110867.23,2.30908,0.0005,0.0001,0.01336,0.04066,0.00015,0.0012,0.00255,0.0001,0.04927
1761314421882,110863.26,110863.25,110863.19,110862.03,110862.02,110862.01,110860.0,110859.82,110859.81,110859.43,1.21879,0.01132,0.0001,0.0001,0.14863,0.16525,5e-05,0.0001,0.32657,5e-05,110863.27,110863.28,110863.35,110864.64,110864.65,110864.66,110866.79,110866.8,110867.22,110867.23,2.30932,0.00055,0.0001,0.0001,0.01366,0.04056,0.00115,0.0025,0.0001,0.04927
1761314421982,110863.26,110863.25,110863.19,110862.03,110862.02,110862.01,110860.0,110859.82,110859.81,110859.43,1.23064,0.01132,0.0001,0.0001,0.14863,0.16525,5e-05,0.0001,0.32657,5e-05,110863.27,110863.28,110863.35,110864.64,110864.65,110864.66,110866.79,110866.8,110867.22,110867.23,2.30932,0.00055,0.0001,0.0001,0.01366,0.04056,0.00115,0.0025,0.0001,0.04927
1761314422082,110863.26,110863.25,110863.19,110862.03,110862.02,110862.01,110861.55,110860.0,110859.82,110859.81,1.23064,0.01132,0.0001,0.0001,0.14863,0.16525,5e-05,5e-05,0.0001,0.32657,110863.27,110863.28,110863.35,110864.64,110864.65,110864.66,110866.79,110866.8,110867.22,110867.23,2.30942,0.00055,0.0001,0.0001,0.01366,0.04056,0.00115,0.0025,0.0001,0.04927
1761314422182,110863.26,110863.25,110863.19,110862.03,110862.02,110862.01,110861.55,110860.0,110859.82,110859.81,1.23246,0.01132,0.0001,0.0001,0.14863,0.16525,5e-05,5e-05,0.0001,0.32657,110863.27,110863.28,110863.35,110864.64,110864.65,110864.66,110866.79,110866.8,110867.22,110867.23,2.30936,0.00055,0.0001,0.0001,0.01366,0.04056,0.00115,0.0025,0.0001,0.04927
1761314422282,110863.26,110863.25,110863.19,110862.03,110862.02,110862.01,110861.55,110860.0,110859.82,110859.81,1.23246,0.01132,0.0001,0.0001,0.14863,0.16525,5e-05,5e-05,0.0001,0.32657,110863.27,110863.28,110863.35,110864.64,110864.65,110864.66,110866.79,110866.8,110867.22,110867.23,2.30808,0.00055,0.0001,0.0001,0.01366,0.04056,0.00115,0.0025,0.0001,0.04927
1761314422382,110863.26,110863.25,110863.19,110862.03,110862.02,110862.01,110861.55,110860.0,110859.82,110859.81,1.23246,0.01132,0.0001,0.0001,0.14863,0.16525,5e-05,5e-05,0.0001,0.32657,110863.27,110863.28,110863.35,110864.64,110864.65,110864.66,110864.86,110866.79,110866.8,110867.22,2.30808,0.00055,0.0001,0.0001,0.01366,0.04056,0.00128,0.00115,0.0025,0.0001
1761314422482,110863.26,110863.25,110863.19,110862.03,110862.02,110862.01,110861.55,110860.0,110859.82,110859.81,1.23246,0.01132,0.0001,0.0001,0.14863,0.16525,5e-05,5e-05,0.0001,0.32657,110863.27,110863.28,110863.35,110864.64,110864.65,110864.66,110864.86,110866.79,110866.8,110867.22,2.30808,0.00055,0.0001,0.0001,0.01366,0.04056,0.00133,0.0011,0.0025,0.0001
1761314422583,110863.26,110863.25,110863.19,110862.03,110862.02,110862.01,110861.55,110860.0,110859.82,110859.81,1.14485,0.01132,0.0001,0.0001,0.14875,0.16525,5e-05,5e-05,0.0001,0.32657,110863.27,110863.28,110863.35,110864.64,110864.65,110864.66,110864.86,110866.79,110866.8,110867.22,2.54524,0.0005,0.0001,0.0001,0.01366,0.04056,0.00138,0.0011,0.0025,0.0001
1761314422682,110863.26,110863.25,110863.19,110862.03,110862.02,110862.01,110861.55,110860.0,110859.82,110859.81,1.12708,0.01228,0.0001,0.0001,0.14875,0.16525,5e-05,5e-05,0.1675,0.32657,110863.27,110863.28,110863.35,110864.64,110864.65,110864.66,110864.86,110866.79,110866.8,110866.91,2.69715,0.00035,0.0001,0.0001,0.01366,0.04056,0.00138,0.0011,0.0025,0.06748
1761314422782,110863.26,110863.25,110863.19,110862.03,110862.02,110862.01,110861.55,110860.0,110859.83,110859.82,0.75907,0.01238,0.0001,0.0001,0.0003,0.00015,5e-05,5e-05,0.0001,0.0002,110863.27,110863.28,110863.35,110864.64,110864.65,110864.66,110864.86,110866.79,110866.8,110866.9,2.78868,0.0003,0.0001,0.0001,0.01366,0.04056,0.00138,0.0011,0.0025,0.0001
1761314422882,110863.26,110863.25,110863.19,110862.02,110861.55,110860.0,110859.82,110859.81,110857.72,110857.36,0.63955,0.01223,0.0001,0.0001,5e-05,5e-05,0.09912,0.32662,9e-05,0.00511,110863.27,110863.28,110863.35,110864.64,110864.65,110864.66,110864.86,110866.79,110866.8,110866.9,2.83695,0.0003,0.0001,0.0001,0.01366,0.04056,0.00138,0.0011,0.0025,0.0001
1761314422982,110863.26,110863.25,110863.19,110861.55,110860.0,110859.83,110859.82,110859.81,110857.72,110857.36,0.50092,0.01127,0.0001,5e-05,5e-05,0.0001,0.09932,0.32662,9e-05,0.00511,110863.27,110863.28,110863.35,110864.64,110864.65,110864.66,110864.86,110866.79,110866.8,110866.91,2.81882,0.0002,0.0001,0.0001,0.01366,0.04056,0.00138,0.0011,0.0025,0.06758
1761314423082,110863.26,110863.25,110863.19,110861.55,110860.0,110859.83,110859.82,110859.81,110857.72,110857.36,0.50092,0.01127,0.0001,5e-05,5e-05,0.0001,0.09932,0.32662,9e-05,0.00511,110863.27,110863.35,110864.64,110864.65,110864.66,110864.86,110866.79,110866.8,110866.91,110867.23,2.81897,0.0001,0.0001,0.01366,0.04066,0.00143,0.00115,0.0025,0.06758,0.24377
1761314423182,110863.26,110863.25,110863.19,110860.0,110859.83,110859.82,110859.81,110857.72,110857.36,110855.56,0.50092,0.01127,0.0001,5e-05,0.0001,0.09932,0.32662,9e-05,0.00511,7e-05,110863.27,110863.35,110864.64,110864.65,110864.66,110864.86,110866.79,110866.8,110866.9,110866.91,2.81807,0.0001,0.0001,0.01366,0.04066,0.00143,0.00115,0.0025,0.0001,0.06758
1761314423282,110863.26,110863.25,110863.19,110860.0,110859.83,110859.82,110859.81,110857.72,110857.71,110857.36,1.96033,0.01122,0.0001,5e-05,0.0001,0.09932,0.32662,9e-05,0.15758,0.00511,110863.27,110863.28,110863.35,110864.64,110864.65,110864.66,110864.86,110865.21,110866.79,110866.8,2.52677,0.0001,0.0001,0.0001,0.0004,0.04066,0.00143,0.00015,0.00115,0.0025
1761314423382,110863.26,110863.25,110863.19,110860.0,110859.83,110859.82,110859.81,110857.72,110857.71,110857.36,1.96033,0.01122,0.0001,5e-05,0.0001,0.09932,0.32662,0.00019,0.15763,0.00511,110863.27,110863.35,110864.65,110864.66,110864.86,110865.21,110866.79,110866.8,110867.22,110867.23,2.44985,0.0001,0.014,0.04066,0.00143,0.00015,0.00115,0.0025,0.0001,0.01575
1761314423482,110863.26,110863.25,110863.19,110860.0,110859.83,110859.82,110859.81,110857.72,110857.71,110857.36,2.27211,0.01122,0.0001,5e-05,0.0001,0.09932,0.32662,0.00019,5e-05,0.00511,110863.27,110863.35,110864.64,110864.65,110864.66,110864.86,110865.21,110866.79,110866.8,110867.22,2.44995,0.0001,0.0001,0.0141,0.0003,0.00143,0.00015,0.00115,0.0025,0.0001
1761314423582,110863.26,110863.25,110863.19,110860.0,110859.83,110859.82,110859.81,110859.43,110857.72,110857.36,2.27211,0.01122,0.0001,5e-05,0.0001,0.09932,0.32657,5e-05,9e-05,0.00511,110863.27,110863.35,110864.64,110864.65,110864.66,110864.86,110865.21,110866.79,110866.8,110867.22,2.4499,0.0001,0.0001,0.0003,0.0002,0.00143,0.00015,0.00115,0.0025,0.0001
1761314423682,110863.26,110863.25,110863.19,110860.0,110859.83,110859.82,110859.81,110859.43,110857.72,110857.36,1.19038,0.01122,0.0001,5e-05,0.0001,0.09932,0.32657,5e-05,9e-05,0.00511,110863.27,110863.35,110864.65,110864.86,110865.21,110866.79,110866.8,110867.27,110868.27,110869.44,3.38295,0.0001,0.0002,0.00153,0.00015,0.0012,0.00255,0.00127,5e-05,0.003
1761314423782,110863.26,110863.25,110863.19,110860.0,110859.83,110859.82,110859.81,110859.43,110857.72,110857.36,1.09841,0.01122,0.0001,5e-05,0.0001,0.09932,0.32657,5e-05,9e-05,0.00511,110863.27,110863.28,110863.35,110864.86,110865.21,110866.79,110866.8,110867.27,110868.27,110869.44,3.3832,5e-05,0.0001,0.00153,0.00015,0.0013,0.0026,0.00132,5e-05,0.003
1761314423882,110863.26,110863.25,110863.19,110860.0,110859.83,110859.82,110859.81,110859.43,110857.72,110857.36,1.09846,0.01122,0.0001,5e-05,0.0001,0.09932,0.32657,5e-05,9e-05,0.00511,110863.27,110863.28,110863.35,110864.86,110865.21,110866.79,110866.8,110867.27,110868.27,110869.44,3.38335,0.0001,0.0001,0.00153,0.00015,0.0013,0.0026,0.00132,5e-05,0.003
1761314423982,110863.26,110863.25,110863.19,110860.0,110859.83,110859.82,110859.81,110859.43,110857.72,110857.37,1.09846,0.01122,0.0001,5e-05,0.0001,0.09932,0.32657,5e-05,9e-05,0.1305,110863.27,110863.28,110863.35,110864.86,110865.21,110866.79,110866.8,110867.27,110868.27,110869.44,3.22538,0.0001,0.0001,0.00153,0.00015,0.0013,0.0026,0.00132,5e-05,0.003
1761314424082,110863.26,110863.25,110863.19,110860.0,110859.83,110859.82,110859.81,110859.43,110857.72,110857.38,1.09697,0.0125,0.0001,5e-05,0.0001,0.09932,0.32662,5e-05,9e-05,0.0001,110863.27,110863.28,110863.35,110864.86,110865.21,110866.79,110866.8,110867.27,110868.27,110869.44,2.52433,0.0001,0.0001,0.00153,0.00015,0.0013,0.0026,0.00132,5e-05,0.003
1761314424182,110863.26,110863.25,110863.19,110860.0,110859.83,110859.82,110859.81,110859.43,110857.72,110857.38,1.09697,0.0125,0.0001,5e-05,0.0001,0.09932,0.32662,5e-05,9e-05,0.0001,110863.27,110863.28,110863.35,110864.86,110865.21,110866.79,110866.8,110867.27,110868.27,110869.44,2.52433,0.0001,0.0001,0.00153,0.00015,0.0013,0.0026,0.00132,5e-05,0.003
1761314424282,110863.26,110863.25,110863.19,110860.0,110859.83,110859.82,110859.81,110859.43,110857.72,110857.38,1.09697,0.0125,0.0001,5e-05,0.0001,0.09932,0.32662,5e-05,9e-05,0.0001,110863.27,110863.28,110863.35,110864.86,110865.21,110866.79,110866.8,110867.27,110868.27,110869.44,2.52433,0.0001,0.0001,0.00153,0.00015,0.0013,0.0026,0.00132,5e-05,0.003
1761314424382,110863.26,110863.25,110863.19,110860.0,110859.83,110859.82,110859.81,110859.43,110857.73,110857.72,1.09697,0.0125,0.0001,5e-05,0.0001,0.09932,0.32662,5e-05,0.1302,9e-05,110863.27,110863.28,110863.35,110864.86,110865.21,110866.79,110866.8,110867.27,110868.27,110869.44,2.52426,0.0001,0.0001,0.00153,0.00015,0.0013,0.0026,0.00132,5e-05,0.003
1761314424482,110863.26,110863.25,110863.19,110862.16,110860.49,110860.0,110859.83,110859.82,110859.81,110859.43,1.09573,0.01231,0.0001,0.00099,0.00198,5e-05,0.0001,0.16449,0.32662,5e-05,110863.27,110863.28,110863.35,110864.86,110865.21,110866.04,110866.79,110866.8,110867.27,110868.27,2.36842,0.0001,0.0001,0.00153,0.00015,0.00198,0.0013,0.0026,0.00132,5e-05
1761314424582,110863.26,110863.25,110863.19,110862.16,110860.49,110860.0,110859.83,110859.82,110859.81,110859.43,1.09583,0.01241,0.0001,0.00109,0.00203,5e-05,0.0001,0.16439,0.32657,5e-05,110863.27,110863.28,110863.35,110863.68,110864.86,110865.21,110866.04,110866.79,110866.8,110867.27,2.36852,0.0002,0.0001,0.04036,0.00153,0.00015,0.00218,0.0012,0.00255,0.00127
1761314424682,110863.26,110863.25,110863.19,110862.16,110860.49,110860.0,110859.83,110859.82,110859.81,110859.43,1.5709,0.01122,0.0001,0.00109,0.00203,5e-05,0.1261,0.16439,0.32657,5e-05,110863.27,110863.28,110863.35,110863.67,110863.68,110864.86,110865.21,110866.04,110866.79,110866.8,1.86626,0.00035,0.0001,0.0001,0.04066,0.00153,0.00015,0.00208,0.00115,0.0025
1761314424782,110863.26,110863.25,110863.19,110862.16,110860.49,110860.0,110859.84,110859.83,110859.82,110859.81,1.70957,0.01122,0.0001,0.00109,0.00203,5e-05,0.15294,0.1261,0.0001,0.32657,110863.27,110863.28,110863.35,110863.67,110863.68,110864.86,110866.04,110866.79,110867.27,110867.73,0.37049,0.00065,0.0001,0.01445,0.0003,0.00143,0.00203,0.0011,0.00127,0.00015
1761314424882,110863.27,110863.26,110863.25,110863.19,110862.16,110861.55,110860.49,110860.0,110859.84,110859.83,1.01502,2.32715,0.01122,0.0001,0.00109,5e-05,0.00203,5e-05,0.15304,0.12605,110863.35,110863.66,110863.67,110863.68,110864.86,110866.04,110866.79,110867.27,110867.73,110868.27,0.0001,0.0001,0.0003,0.0001,0.0001,0.00198,0.0011,0.00127,0.00015,5e-05
1761314424982,110872.5,110872.42,110870.13,110868.41,110863.55,110863.34,110863.31,110863.28,110863.27,110863.26,5.75502,0.0001,0.01838,0.04014,0.04571,1.35614,0.02,0.0002,0.00015,0.40111,110872.51,110872.52,110872.59,110872.69,110873.25,110873.35,110874.0,110874.34,110874.35,110874.36,0.33136,0.046,0.0001,0.00397,5e-05,5e-05,0.0015,0.0001,0.13526,0.0001
1761314425084,110872.5,110872.42,110870.14,110870.13,110869.4,110868.41,110866.8,110863.55,110863.35,110863.34,5.97257,0.0001,0.01747,0.01858,0.04571,0.04034,0.0025,0.0001,0.97049,0.09134,110872.51,110872.52,110872.59,110872.69,110873.25,110873.35,110874.0,110874.34,110874.35,110876.97,0.332,0.0463,0.0001,0.00417,5e-05,5e-05,0.0016,0.0001,0.00737,0.00013
1761314425183,110872.5,110872.42,110871.36,110871.24,110870.14,110870.13,110869.4,110868.41,110867.33,110866.8,5.98224,0.0001,5e-05,0.0025,0.02989,0.01853,0.04581,0.04019,0.06748,0.0025,110872.51,110872.52,110872.59,110872.69,110873.25,110873.35,110874.0,110874.34,110874.35,110876.84,0.27499,0.0463,0.0001,0.00417,5e-05,5e-05,0.0016,0.0001,0.00732,5e-05
1761314425282,110872.5,110872.42,110871.36,110871.24,110870.14,110870.13,110869.4,110868.41,110868.28,110867.33,6.04664,0.0001,5e-05,0.0026,0.04849,0.01853,0.04581,0.04024,5e-05,0.06753,110872.51,110872.52,110872.59,110872.69,110873.25,110873.35,110874.0,110874.34,110874.35,110876.84,0.26325,0.04625,0.0001,0.00417,5e-05,5e-05,0.0016,0.0001,0.00732,5e-05
1761314425383,110872.5,110872.42,110871.36,110871.24,110870.41,110870.14,110870.13,110869.4,110868.41,110868.28,6.04664,0.0001,5e-05,0.0026,5e-05,0.04849,0.01853,0.04581,0.04024,5e-05,110872.51,110872.52,110872.59,110872.69,110873.25,110873.35,110874.0,110874.34,110874.35,110876.84,0.00622,0.0463,0.0001,0.00417,5e-05,5e-05,0.0016,0.0001,0.00732,5e-05
1761314425482,110872.5,110872.42,110871.36,110871.24,110870.41,110870.14,110870.13,110869.41,110869.4,110868.41,5.86183,0.0001,5e-05,0.0026,5e-05,0.0002,0.01853,0.06001,0.04581,0.0001,110872.51,110872.52,110872.59,110872.69,110873.25,110873.35,110874.0,110874.34,110874.35,110876.84,0.18586,0.0463,0.0001,0.00417,5e-05,5e-05,0.0016,0.0001,0.00732,5e-05
1761314425583,110872.5,110872.42,110871.36,110871.24,110870.41,110870.13,110869.41,110869.4,110868.28,110867.33,5.86183,0.0001,5e-05,0.0026,5e-05,0.01858,0.06016,0.04581,5e-05,0.06753,110872.51,110872.52,110872.59,110872.69,110873.25,110873.35,110874.0,110874.34,110874.35,110876.84,0.23574,0.0459,0.0001,0.00417,5e-05,5e-05,0.0016,0.0001,0.00732,5e-05
1761314425682,110872.5,110872.42,110871.36,110871.24,110871.13,110870.41,110870.14,110870.13,110869.42,110869.41,5.27627,0.0001,5e-05,0.0026,0.03995,5e-05,0.0001,0.0002,0.0001,0.06026,110872.51,110872.52,110872.59,110872.69,110873.25,110873.35,110874.0,110874.34,110874.35,110876.84,1.78582,0.04555,0.0001,0.00417,5e-05,5e-05,0.0016,0.0001,0.00732,5e-05
1761314425782,110872.5,110872.42,110871.36,110871.24,110871.14,110871.13,110871.05,110870.41,110869.42,110869.41,4.20225,0.0001,5e-05,0.0001,0.03202,0.0002,0.04027,5e-05,0.0001,0.00015,110872.51,110872.52,110872.59,110872.69,110873.25,110873.35,110874.0,110874.34,110874.35,110876.84,1.78651,0.04555,0.0001,0.00417,5e-05,5e-05,0.0016,0.0001,0.00732,5e-05
1761314425882,110872.5,110872.42,110871.36,110871.15,110871.14,110871.06,110871.05,110870.41,110867.15,110867.14,3.39403,0.0001,5e-05,0.0001,0.03212,0.0001,0.04047,5e-05,0.0001,0.01861,110872.51,110872.52,110872.59,110872.69,110873.25,110873.35,110874.0,110874.34,110874.35,110876.84,1.88574,0.04555,0.0001,0.00417,5e-05,5e-05,0.0016,0.0001,0.00732,5e-05
1761314425982,110872.5,110872.42,110871.36,110871.15,110871.14,110871.06,110871.05,110870.41,110867.15,110867.14,3.39408,0.0001,5e-05,0.0001,0.03212,0.0001,0.04047,5e-05,0.0001,0.01861,110872.51,110872.52,110872.59,110872.69,110873.25,110873.35,110873.72,110874.0,110874.34,110874.35,2.03835,0.04555,0.0001,0.00417,5e-05,5e-05,5e-05,0.0016,0.0001,0.00732
1761314426082,110872.5,110872.42,110871.36,110871.15,110871.14,110871.06,110871.05,110870.41,110867.15,110867.14,3.39413,0.0001,5e-05,0.0001,0.03212,0.0001,0.04047,5e-05,0.0001,0.01861,110872.51,110872.52,110872.59,110872.69,110873.25,110873.35,110873.72,110874.0,110874.34,110874.35,1.88123,0.04555,0.0001,0.00417,5e-05,5e-05,5e-05,0.0016,0.0001,0.00732
1761314426182,110872.5,110872.42,110871.36,110871.15,110871.14,110871.06,110871.05,110870.41,110868.87,110867.15,3.38998,0.0001,5e-05,0.0001,0.03212,0.0001,0.04047,5e-05,0.04571,0.0001,110872.51,110872.52,110872.59,110872.69,110873.25,110873.35,110873.72,110874.0,110874.34,110874.35,1.60307,0.04555,0.0001,0.00417,5e-05,5e-05,5e-05,0.0016,0.01579,0.00732
1761314426282,110872.5,110872.42,110871.36,110871.15,110871.14,110871.06,110871.05,110870.41,110868.88,110868.87,3.45779,0.0001,5e-05,0.0001,0.03212,0.0001,0.04047,5e-05,0.0001,0.0001,110872.51,110872.52,110872.59,110872.69,110873.25,110873.35,110873.72,110874.0,110874.33,110874.34,1.33492,0.0456,0.0001,0.00417,5e-05,5e-05,5e-05,0.0016,0.0001,0.00025
1761314426382,110872.5,110872.42,110871.36,110871.15,110871.14,110871.06,110871.05,110870.41,110867.15,110867.14,3.45779,0.0001,5e-05,0.0001,0.03212,0.0001,0.04047,5e-05,0.0001,0.01861,110872.51,110872.52,110872.59,110872.69,110873.25,110873.35,110873.72,110874.0,110874.34,110874.35,1.64987,0.04555,0.0001,0.00417,5e-05,5e-05,5e-05,0.0016,0.0001,0.00732
1761314426482,110872.5,110872.42,110871.36,110871.15,110871.14,110871.06,110871.05,110870.41,110867.15,110867.14,3.45779,0.0001,5e-05,0.0001,0.03212,0.0001,0.04047,5e-05,0.0001,0.01861,110872.51,110872.52,110872.59,110872.69,110873.25,110873.35,110873.72,110874.0,110874.34,110874.35,1.64987,0.04555,0.0001,0.00417,5e-05,5e-05,5e-05,0.0016,0.0001,0.00732
1761314426582,110872.5,110872.42,110871.36,110871.15,110871.14,110871.06,110871.05,110870.41,110867.15,110867.14,3.45709,0.0001,5e-05,0.0001,0.03212,0.0001,0.04047,5e-05,0.0001,0.01861,110872.51,110872.52,110872.59,110872.69,110873.25,110873.35,110873.72,110874.0,110874.34,110874.35,2.35083,0.04555,0.0001,0.00417,5e-05,5e-05,5e-05,0.0016,0.0001,0.00732
1761314426682,110872.5,110872.42,110871.36,110871.15,110871.14,110871.06,110871.05,110870.41,110867.15,110867.14,3.45709,0.0001,5e-05,0.0001,0.03212,0.0001,0.04047,5e-05,0.0001,0.01861,110872.51,110872.52,110872.59,110872.69,110873.25,110873.35,110873.72,110874.0,110874.34,110874.35,2.35067,0.04555,0.0001,0.00417,5e-05,5e-05,5e-05,0.0016,0.0001,0.00732
1761314426782,110872.5,110872.42,110871.36,110871.15,110871.14,110871.06,110871.05,110870.41,110867.15,110867.14,3.45709,0.0001,5e-05,0.0001,0.03212,0.0001,0.04047,5e-05,0.0001,0.01861,110872.51,110872.52,110872.59,110872.69,110873.25,110873.35,110873.72,110874.0,110874.34,110874.35,1.64987,0.04555,0.0001,0.00417,5e-05,5e-05,5e-05,0.0016,0.0001,0.00732
1761314426882,110872.5,110872.42,110871.36,110871.15,110871.14,110871.06,110871.05,110870.41,110867.15,110867.14,3.45694,0.0001,5e-05,0.0001,0.03212,0.0001,0.04047,5e-05,0.0001,0.01861,110872.51,110872.52,110872.59,110872.69,110873.25,110873.35,110873.72,110874.0,110874.34,110874.35,1.64985,0.0456,0.0001,0.00417,5e-05,5e-05,5e-05,0.0016,0.0001,0.00732
1761314426982,110872.5,110872.42,110871.36,110871.15,110871.14,110871.06,110871.05,110870.41,110867.15,110867.14,3.45694,0.0001,5e-05,0.0001,0.03212,0.0001,0.04047,5e-05,0.0001,0.01861,110872.51,110872.52,110872.59,110872.69,110873.25,110873.35,110873.72,110874.0,110874.34,110874.35,1.28152,0.0456,0.0001,0.00417,5e-05,5e-05,5e-05,0.0016,0.0001,0.00732
1761314427082,110872.5,110872.42,110871.36,110871.15,110871.14,110871.06,110871.05,110870.41,110867.15,110867.14,3.45694,0.0001,5e-05,0.0001,0.03212,0.0001,0.04047,5e-05,0.0001,0.01861,110872.51,110872.52,110872.59,110872.69,110873.25,110873.35,110873.72,110874.0,110874.34,110874.35,1.28214,0.0456,0.0001,0.00417,5e-05,5e-05,5e-05,0.0016,0.0001,0.00732
1761314427182,110872.5,110872.42,110871.36,110871.15,110871.14,110871.06,110871.05,110870.41,110867.15,110867.14,3.45694,0.0001,5e-05,0.0001,0.03212,0.0001,0.04047,5e-05,0.0001,0.01861,110872.51,110872.52,110872.59,110872.69,110873.25,110873.35,110873.72,110874.0,110874.34,110874.35,1.37521,0.0456,0.0001,0.00417,5e-05,5e-05,5e-05,0.0016,0.0001,0.00732
1761314427282,110872.5,110872.42,110871.36,110871.15,110871.14,110871.06,110871.05,110870.41,110867.15,110867.14,3.45694,0.0001,5e-05,0.0001,0.03212,0.0001,0.04047,5e-05,0.0001,0.01861,110872.51,110872.52,110872.59,110872.69,110873.25,110873.35,110873.72,110874.0,110874.34,110874.35,1.37514,0.0456,0.0001,0.00417,5e-05,5e-05,5e-05,0.0016,0.0001,0.00732
1761314427382,110872.5,110872.42,110871.36,110871.15,110871.14,110871.06,110871.05,110870.41,110867.15,110867.14,3.45694,0.0001,5e-05,0.0001,0.03212,0.0001,0.04047,5e-05,0.0001,0.01861,110872.51,110872.52,110872.59,110872.69,110873.25,110873.35,110873.72,110874.0,110874.34,110874.35,1.37524,0.0456,0.0001,0.00417,5e-05,5e-05,5e-05,0.0016,0.0158,0.00732
1761314427482,110872.5,110872.42,110871.36,110871.15,110871.14,110871.06,110871.05,110870.41,110867.15,110867.14,3.45689,0.0001,5e-05,0.0001,0.03212,0.0001,0.04047,5e-05,0.0001,0.01861,110872.51,110872.52,110872.59,110872.69,110873.25,110873.35,110873.72,110874.0,110874.33,110874.34,1.37534,0.0456,0.0001,0.00417,5e-05,5e-05,5e-05,0.0016,0.0001,0.01595
1761314427582,110872.5,110872.42,110871.36,110871.15,110871.14,110871.06,110871.05,110870.41,110869.96,110867.15,3.45593,0.0001,5e-05,0.0001,0.03212,0.0001,0.0002,5e-05,0.04119,0.0001,110872.51,110872.52,110872.59,110872.69,110873.25,110873.35,110873.72,110874.0,110874.33,110874.34,2.30991,0.04555,0.0001,0.00417,5e-05,5e-05,5e-05,0.0016,0.0001,0.01601
1761314427682,110872.5,110872.42,110871.36,110871.15,110871.14,110870.41,110869.97,110869.96,110869.59,110866.96,3.45603,0.0001,5e-05,0.0001,0.03212,5e-05,0.0001,0.0002,0.0412,0.00017,110872.51,110872.52,110872.59,110872.69,110873.25,110873.35,110873.72,110874.0,110874.33,110874.34,1.41484,0.04555,0.0001,0.00417,5e-05,5e-05,5e-05,0.0016,0.0001,0.01601
1761314427782,110872.5,110872.42,110871.36,110871.15,110871.14,110870.41,110869.6,110869.59,110866.96,110866.95,3.45613,0.0001,5e-05,0.0001,0.03212,5e-05,0.0001,0.0414,0.00017,0.04497,110872.51,110872.52,110872.59,110872.69,110873.25,110873.35,110873.72,110874.0,110874.33,110874.34,1.41484,0.04555,0.0001,0.00417,5e-05,5e-05,5e-05,0.0016,0.0001,0.01601
